<?xml version="1.0" encoding="UTF-8"?>
<!-- Search-Engine-Total-Number-Of-Results: 499 -->
<collection xmlns="http://www.loc.gov/MARC21/slim">
    <record>
        <controlfield tag="001">703243</controlfield>
        <controlfield tag="000">00000nam\\2200025#a\4500</controlfield>
        <controlfield tag="005">20170412204625.0</controlfield>
        <controlfield tag="008">110518s2011\\\\usa\\\\#r\\\\\|||1|\eng\d</controlfield>
        <datafield tag="029" ind1=" " ind2=" ">
            <subfield code="a">JN</subfield>
            <subfield code="b">N1070469 E</subfield>
        </datafield>
        <datafield tag="035" ind1=" " ind2=" ">
            <subfield code="a">D0380404</subfield>
        </datafield>
        <datafield tag="035" ind1=" " ind2=" ">
            <subfield code="a">(DHL)946737</subfield>
        </datafield>
        <datafield tag="039" ind1=" " ind2=" ">
            <subfield code="a">DHU</subfield>
        </datafield>
        <datafield tag="040" ind1=" " ind2=" ">
            <subfield code="a">NNUN</subfield>
            <subfield code="b">eng</subfield>
        </datafield>
        <datafield tag="041" ind1=" " ind2=" ">
            <subfield code="a">arachiengfrerusspa</subfield>
        </datafield>
        <datafield tag="049" ind1=" " ind2=" ">
            <subfield code="a">usa</subfield>
        </datafield>
        <datafield tag="089" ind1=" " ind2=" ">
            <subfield code="b">B03</subfield>
        </datafield>
        <datafield tag="089" ind1=" " ind2=" ">
            <subfield code="b">B07</subfield>
        </datafield>
        <datafield tag="091" ind1=" " ind2=" ">
            <subfield code="a">GEN</subfield>
        </datafield>
        <datafield tag="099" ind1=" " ind2=" ">
            <subfield code="a">UNH</subfield>
            <subfield code="b">DHU</subfield>
            <subfield code="c">A(01)/R3</subfield>
            <subfield code="q">A01R3</subfield>
        </datafield>
        <datafield tag="191" ind1=" " ind2=" ">
            <subfield code="0">1221254</subfield>
            <subfield code="9">G88</subfield>
            <subfield code="a">A/65/PV.71</subfield>
            <subfield code="b">A/</subfield>
            <subfield code="c">65</subfield>
            <subfield code="q">A65PV71</subfield>
            <subfield code="r">A65</subfield>
        </datafield>
        <datafield tag="245" ind1="1" ind2="0">
            <subfield code="a">General Assembly official records, 65th session :</subfield>
            <subfield code="b">71st plenary meeting, Tuesday, 21 December 2010, New York</subfield>
        </datafield>
        <datafield tag="260" ind1=" " ind2=" ">
            <subfield code="a">[New York] :</subfield>
            <subfield code="b">UN,</subfield>
            <subfield code="c">[2011]</subfield>
        </datafield>
        <datafield tag="269" ind1=" " ind2=" ">
            <subfield code="a">2011</subfield>
        </datafield>
        <datafield tag="300" ind1=" " ind2=" ">
            <subfield code="a">31 p.</subfield>
        </datafield>
        <datafield tag="495" ind1=" " ind2=" ">
            <subfield code="a">GAOR, 65th sess., Meeting records</subfield>
        </datafield>
        <datafield tag="650" ind1="1" ind2="7">
            <subfield code="0">1281249</subfield>
            <subfield code="2">unbist</subfield>
            <subfield code="a">SOCIAL DEVELOPMENT</subfield>
        </datafield>
        <datafield tag="650" ind1="1" ind2="7">
            <subfield code="0">1281070</subfield>
            <subfield code="2">unbist</subfield>
            <subfield code="a">AGEING PERSONS</subfield>
        </datafield>
        <datafield tag="650" ind1="1" ind2="7">
            <subfield code="0">1283880</subfield>
            <subfield code="2">unbist</subfield>
            <subfield code="a">DEMOGRAPHIC AGEING</subfield>
        </datafield>
        <datafield tag="650" ind1="1" ind2="7">
            <subfield code="0">1280711</subfield>
            <subfield code="2">unbist</subfield>
            <subfield code="a">LITERACY</subfield>
        </datafield>
        <datafield tag="650" ind1="1" ind2="7">
            <subfield code="0">1278556</subfield>
            <subfield code="2">unbist</subfield>
            <subfield code="a">COOPERATIVES</subfield>
        </datafield>
        <datafield tag="650" ind1="1" ind2="7">
            <subfield code="0">1280612</subfield>
            <subfield code="2">unbist</subfield>
            <subfield code="a">PERSONS WITH DISABILITIES</subfield>
        </datafield>
        <datafield tag="650" ind1="2" ind2="7">
            <subfield code="0">1284384</subfield>
            <subfield code="2">unbist</subfield>
            <subfield code="a">GENDER-BASED VIOLENCE</subfield>
        </datafield>
        <datafield tag="650" ind1="2" ind2="7">
            <subfield code="0">1285043</subfield>
            <subfield code="2">unbist</subfield>
            <subfield code="a">OBSTETRIC FISTULA</subfield>
        </datafield>
        <datafield tag="650" ind1="2" ind2="7">
            <subfield code="0">1285163</subfield>
            <subfield code="2">unbist</subfield>
            <subfield code="a">WIDOWS</subfield>
        </datafield>
        <datafield tag="650" ind1="2" ind2="7">
            <subfield code="0">1284645</subfield>
            <subfield code="2">unbist</subfield>
            <subfield code="a">TRAFFICKING IN PERSONS</subfield>
        </datafield>
        <datafield tag="650" ind1="2" ind2="7">
            <subfield code="0">1283088</subfield>
            <subfield code="2">unbist</subfield>
            <subfield code="a">WOMEN'S STATUS</subfield>
        </datafield>
        <datafield tag="650" ind1="2" ind2="7">
            <subfield code="0">1283255</subfield>
            <subfield code="2">unbist</subfield>
            <subfield code="a">ELECTION OF MEMBERS</subfield>
        </datafield>
        <datafield tag="650" ind1="2" ind2="7">
            <subfield code="0">1282911</subfield>
            <subfield code="2">unbist</subfield>
            <subfield code="a">REFUGEE ASSISTANCE</subfield>
        </datafield>
        <datafield tag="650" ind1="2" ind2="7">
            <subfield code="0">1281052</subfield>
            <subfield code="2">unbist</subfield>
            <subfield code="a">HUMAN RIGHTS</subfield>
        </datafield>
        <datafield tag="650" ind1="2" ind2="7">
            <subfield code="0">1284944</subfield>
            <subfield code="2">unbist</subfield>
            <subfield code="a">RIGHT TO THE TRUTH</subfield>
        </datafield>
        <datafield tag="650" ind1="2" ind2="7">
            <subfield code="0">1281064</subfield>
            <subfield code="2">unbist</subfield>
            <subfield code="a">RIGHTS OF THE CHILD</subfield>
        </datafield>
        <datafield tag="650" ind1="2" ind2="7">
            <subfield code="0">1280189</subfield>
            <subfield code="2">unbist</subfield>
            <subfield code="a">INDIGENOUS PEOPLES</subfield>
        </datafield>
        <datafield tag="650" ind1="2" ind2="7">
            <subfield code="0">1281022</subfield>
            <subfield code="2">unbist</subfield>
            <subfield code="a">RACIAL DISCRIMINATION</subfield>
        </datafield>
        <datafield tag="650" ind1="2" ind2="7">
            <subfield code="0">1278064</subfield>
            <subfield code="2">unbist</subfield>
            <subfield code="a">SELF-DETERMINATION OF PEOPLES</subfield>
        </datafield>
        <datafield tag="650" ind1="2" ind2="7">
            <subfield code="0">1282499</subfield>
            <subfield code="2">unbist</subfield>
            <subfield code="a">PALESTINIANS</subfield>
        </datafield>
        <datafield tag="650" ind1="2" ind2="7">
            <subfield code="0">1278001</subfield>
            <subfield code="2">unbist</subfield>
            <subfield code="a">MERCENARIES</subfield>
        </datafield>
        <datafield tag="650" ind1="2" ind2="7">
            <subfield code="0">1281066</subfield>
            <subfield code="2">unbist</subfield>
            <subfield code="a">TORTURE AND OTHER CRUEL TREATMENT</subfield>
        </datafield>
        <datafield tag="650" ind1="2" ind2="7">
            <subfield code="0">1282715</subfield>
            <subfield code="2">unbist</subfield>
            <subfield code="a">EXTRALEGAL EXECUTIONS</subfield>
        </datafield>
        <datafield tag="650" ind1="2" ind2="7">
            <subfield code="0">1281105</subfield>
            <subfield code="2">unbist</subfield>
            <subfield code="a">CAPITAL PUNISHMENT</subfield>
        </datafield>
        <datafield tag="650" ind1="2" ind2="7">
            <subfield code="0">1278204</subfield>
            <subfield code="2">unbist</subfield>
            <subfield code="a">OMBUDSMAN</subfield>
        </datafield>
        <datafield tag="650" ind1="2" ind2="7">
            <subfield code="0">1281035</subfield>
            <subfield code="2">unbist</subfield>
            <subfield code="a">DISAPPEARANCE OF PERSONS</subfield>
        </datafield>
        <datafield tag="650" ind1="2" ind2="7">
            <subfield code="0">1281023</subfield>
            <subfield code="2">unbist</subfield>
            <subfield code="a">RELIGIOUS INTOLERANCE</subfield>
        </datafield>
        <datafield tag="650" ind1="2" ind2="7">
            <subfield code="0">1284276</subfield>
            <subfield code="2">unbist</subfield>
            <subfield code="a">GLOBALIZATION</subfield>
        </datafield>
        <datafield tag="650" ind1="2" ind2="7">
            <subfield code="0">1284833</subfield>
            <subfield code="2">unbist</subfield>
            <subfield code="a">UNILATERAL ACTS OF STATES</subfield>
        </datafield>
        <datafield tag="650" ind1="2" ind2="7">
            <subfield code="0">1283040</subfield>
            <subfield code="2">unbist</subfield>
            <subfield code="a">RIGHT TO FOOD</subfield>
        </datafield>
        <datafield tag="650" ind1="2" ind2="7">
            <subfield code="0">1277934</subfield>
            <subfield code="2">unbist</subfield>
            <subfield code="a">PEACE</subfield>
        </datafield>
        <datafield tag="650" ind1="2" ind2="7">
            <subfield code="0">1277809</subfield>
            <subfield code="2">unbist</subfield>
            <subfield code="a">DEMOCRACY</subfield>
        </datafield>
        <datafield tag="650" ind1="2" ind2="7">
            <subfield code="0">1283766</subfield>
            <subfield code="2">unbist</subfield>
            <subfield code="a">RESOURCES ALLOCATION</subfield>
        </datafield>
        <datafield tag="650" ind1="2" ind2="7">
            <subfield code="0">1281113</subfield>
            <subfield code="2">unbist</subfield>
            <subfield code="a">CRIME PREVENTION</subfield>
        </datafield>
        <datafield tag="650" ind1="2" ind2="7">
            <subfield code="0">1283027</subfield>
            <subfield code="2">unbist</subfield>
            <subfield code="a">PRISONER TREATMENT</subfield>
        </datafield>
        <datafield tag="650" ind1="2" ind2="7">
            <subfield code="0">1282951</subfield>
            <subfield code="2">unbist</subfield>
            <subfield code="a">DRUG CONTROL</subfield>
        </datafield>
        <datafield tag="793" ind1=" " ind2=" ">
            <subfield code="a">PL</subfield>
        </datafield>
        <datafield tag="856" ind1="4" ind2=" ">
            <subfield code="s">434948</subfield>
            <subfield code="u">http://digitallibrary.un.org/record/703243/files/A_65_PV.71-AR.pdf</subfield>
            <subfield code="y">العربية</subfield>
        </datafield>
        <datafield tag="856" ind1="4" ind2=" ">
            <subfield code="s">400658</subfield>
            <subfield code="u">http://digitallibrary.un.org/record/703243/files/A_65_PV.71-ZH.pdf</subfield>
            <subfield code="y">中文</subfield>
        </datafield>
        <datafield tag="856" ind1="4" ind2=" ">
            <subfield code="s">174269</subfield>
            <subfield code="u">http://digitallibrary.un.org/record/703243/files/A_65_PV.71-EN.pdf</subfield>
            <subfield code="y">English</subfield>
        </datafield>
        <datafield tag="856" ind1="4" ind2=" ">
            <subfield code="s">219095</subfield>
            <subfield code="u">http://digitallibrary.un.org/record/703243/files/A_65_PV.71-FR.pdf</subfield>
            <subfield code="y">Français</subfield>
        </datafield>
        <datafield tag="856" ind1="4" ind2=" ">
            <subfield code="s">591745</subfield>
            <subfield code="u">http://digitallibrary.un.org/record/703243/files/A_65_PV.71-RU.pdf</subfield>
            <subfield code="y">Русский</subfield>
        </datafield>
        <datafield tag="856" ind1="4" ind2=" ">
            <subfield code="s">292900</subfield>
            <subfield code="u">http://digitallibrary.un.org/record/703243/files/A_65_PV.71-ES.pdf</subfield>
            <subfield code="y">Español</subfield>
        </datafield>
        <datafield tag="930" ind1=" " ind2=" ">
            <subfield code="a">UNDMY11</subfield>
        </datafield>
        <datafield tag="949" ind1=" " ind2=" ">
            <subfield code="9">A(01)/R3</subfield>
            <subfield code="b">10000000946737</subfield>
            <subfield code="c">c. 1</subfield>
            <subfield code="d">20110517200000</subfield>
            <subfield code="i">1780600</subfield>
            <subfield code="k">unes</subfield>
            <subfield code="l">DHL</subfield>
            <subfield code="m">14day</subfield>
            <subfield code="z">t</subfield>
        </datafield>
        <datafield tag="949" ind1=" " ind2=" ">
            <subfield code="9">A(01)/R3</subfield>
            <subfield code="b">1780604.4.1</subfield>
            <subfield code="c">c. 1</subfield>
            <subfield code="d">20110517200000</subfield>
            <subfield code="i">1780604</subfield>
            <subfield code="k">unrs</subfield>
            <subfield code="l">DHL</subfield>
            <subfield code="m">14day</subfield>
            <subfield code="z">t</subfield>
        </datafield>
        <datafield tag="949" ind1=" " ind2=" ">
            <subfield code="9">A(01)/R3</subfield>
            <subfield code="b">1780603.3.1</subfield>
            <subfield code="c">c. 1</subfield>
            <subfield code="d">20110517200000</subfield>
            <subfield code="i">1780603</subfield>
            <subfield code="k">unfs</subfield>
            <subfield code="l">DHL</subfield>
            <subfield code="m">14day</subfield>
            <subfield code="z">t</subfield>
        </datafield>
        <datafield tag="949" ind1=" " ind2=" ">
            <subfield code="9">A(01)/R3</subfield>
            <subfield code="b">1780601.1.1</subfield>
            <subfield code="c">c. 1</subfield>
            <subfield code="d">20110517200000</subfield>
            <subfield code="i">1780601</subfield>
            <subfield code="k">unas</subfield>
            <subfield code="l">DHL</subfield>
            <subfield code="m">14day</subfield>
            <subfield code="z">t</subfield>
        </datafield>
        <datafield tag="949" ind1=" " ind2=" ">
            <subfield code="9">A(01)/R3</subfield>
            <subfield code="b">1780605.5.1</subfield>
            <subfield code="c">c. 1</subfield>
            <subfield code="d">20110517200000</subfield>
            <subfield code="i">1780605</subfield>
            <subfield code="k">unss</subfield>
            <subfield code="l">DHL</subfield>
            <subfield code="m">14day</subfield>
            <subfield code="z">t</subfield>
        </datafield>
        <datafield tag="949" ind1=" " ind2=" ">
            <subfield code="9">A(01)/R3</subfield>
            <subfield code="b">1780602.2.1</subfield>
            <subfield code="c">c. 1</subfield>
            <subfield code="d">20110517200000</subfield>
            <subfield code="i">1780602</subfield>
            <subfield code="k">uncs</subfield>
            <subfield code="l">DHL</subfield>
            <subfield code="m">14day</subfield>
            <subfield code="z">t</subfield>
        </datafield>
        <datafield tag="980" ind1=" " ind2=" ">
            <subfield code="a">BIB</subfield>
        </datafield>
        <datafield tag="989" ind1=" " ind2=" ">
            <subfield code="a">Documents and Publications</subfield>
            <subfield code="b">Meeting Records</subfield>
            <subfield code="c">Verbatim Records</subfield>
        </datafield>
        <datafield tag="991" ind1="1" ind2=" ">
            <subfield code="0">1221374</subfield>
            <subfield code="a">A/65/251</subfield>
            <subfield code="b">27a</subfield>
            <subfield code="c">Implementation of the outcome of the World Summit for Social Development and of the 24th special session of the General Assembly.</subfield>
            <subfield code="d">SOCIAL DEVELOPMENT--CONFERENCES (1995 : COPENHAGEN)--FOLLOW-UP</subfield>
            <subfield code="e">At the 71st meeting, action on draft resolution and draft decision in A/65/448 was as follows: draft resolution IV (originally A/C.3/65/L.11/Rev.1), adopted without vote: resolution 65/185; draft decision entitled "Report considered by the General Assembly in connection with social development", adopted without vote: decision 65/532</subfield>
            <subfield code="z">I</subfield>
        </datafield>
        <datafield tag="991" ind1="1" ind2=" ">
            <subfield code="0">1221376</subfield>
            <subfield code="a">A/65/251</subfield>
            <subfield code="b">27c</subfield>
            <subfield code="c">Follow-up to the International Year of Older Persons : 2nd World Assembly on Ageing.</subfield>
            <subfield code="d">AGEING PERSONS--2ND WORLD ASSEMBLY (2002)</subfield>
            <subfield code="e">At the 71st meeting, draft resolution I in A/65/448 (originally A/C.3/65/L.8/Rev.1), was adopted without vote: resolution 65/182</subfield>
            <subfield code="z">I</subfield>
        </datafield>
        <datafield tag="991" ind1="1" ind2=" ">
            <subfield code="0">1221378</subfield>
            <subfield code="a">A/65/251</subfield>
            <subfield code="b">27d</subfield>
            <subfield code="c">United Nations Literacy Decade : education for all.</subfield>
            <subfield code="d">LITERACY--INTERNATIONAL DECADE (2003-2012)</subfield>
            <subfield code="e">At the 71st meeting, draft resolution II in A/65/448 (originally A/C.3/65/L.9/Rev.1), was adopted without vote: resolution 65/183</subfield>
            <subfield code="z">I</subfield>
        </datafield>
        <datafield tag="991" ind1="1" ind2=" ">
            <subfield code="0">1221375</subfield>
            <subfield code="a">A/65/251</subfield>
            <subfield code="b">27b</subfield>
            <subfield code="c">Social development, including questions relating to the world social situation and to youth, ageing, disabled persons and the family.</subfield>
            <subfield code="d">SOCIAL SITUATION</subfield>
            <subfield code="e">At the 71st meeting, draft resolution III in A/65/448 (originally A/C.3/65/L.10/Rev.1), was adopted without vote: resolution 65/184</subfield>
            <subfield code="z">I</subfield>
        </datafield>
        <datafield tag="991" ind1="1" ind2=" ">
            <subfield code="0">1227301</subfield>
            <subfield code="a">A/65/251</subfield>
            <subfield code="b">27b[2]</subfield>
            <subfield code="d">PERSONS WITH DISABILITIES</subfield>
            <subfield code="e">At the 71st meeting, draft resolution V in A/65/448 (originally A/C.3/65/L.12/Rev.1), was adopted without vote: resolution 65/186</subfield>
            <subfield code="z">I</subfield>
        </datafield>
        <datafield tag="991" ind1="1" ind2=" ">
            <subfield code="0">1221388</subfield>
            <subfield code="a">A/65/251</subfield>
            <subfield code="b">28a</subfield>
            <subfield code="c">Advancement of women.</subfield>
            <subfield code="d">WOMEN'S ADVANCEMENT</subfield>
            <subfield code="e">At the 71st meeting, action on draft resolutions and draft decision in A/65/449 was as follows: draft resolution I (originally A/C.3/65/L.17/Rev.2), adopted without vote: resolution 65/187; draft resolution II (originally A/C.3/65/L.18/Rev.1), adopted without vote: resolution 65/188; draft resolution III (originally A/C.3/65/L.19/Rev.1), adopted without vote: resolution 65/189; draft resolution IV (originally A/C.3/65/L.20/Rev.1), adopted without vote: resolution 65/190; draft decision entitled "Reports considered by the General Assembly in connection with the advancement of women", adopted without vote: decision 65/533</subfield>
            <subfield code="z">I</subfield>
        </datafield>
        <datafield tag="991" ind1="1" ind2=" ">
            <subfield code="0">1221386</subfield>
            <subfield code="a">A/65/251</subfield>
            <subfield code="b">28b</subfield>
            <subfield code="c">Implementation of the outcome of the 4th World Conference on Women and of the 23rd special session of the General Assembly.</subfield>
            <subfield code="d">WOMEN'S ADVANCEMENT--CONFERENCE (4TH : 1995 : BEIJING)--FOLLOW-UP</subfield>
            <subfield code="e">At the 71st meeting, draft resolution V in A/65/449 (originally A/C.3/65/L.55) was adopted without vote: resolution 65/191</subfield>
            <subfield code="z">I</subfield>
        </datafield>
        <datafield tag="991" ind1="1" ind2=" ">
            <subfield code="0">1221450</subfield>
            <subfield code="a">A/65/251</subfield>
            <subfield code="b">61</subfield>
            <subfield code="c">Report of the United Nations High Commissioner for Refugees, questions relating to refugees, returnees and displaced persons and humanitarian questions.</subfield>
            <subfield code="d">REFUGEES</subfield>
            <subfield code="e">At the 71st meeting, action on draft resolutions in A/65/450 was as follows: draft resolution I (originally A/C.3/65/L.24/Rev.1), adopted without vote: resolution 65/192; draft resolution II (originally A/C.3/65/L.56), adopted without vote: resolution 65/193; draft resolution III (originally A/C.3/65/L.58), adopted without vote: resolution 65/194</subfield>
            <subfield code="z">I</subfield>
        </datafield>
        <datafield tag="991" ind1="1" ind2=" ">
            <subfield code="0">1221454</subfield>
            <subfield code="a">A/65/251</subfield>
            <subfield code="b">63</subfield>
            <subfield code="c">Report of the Human Rights Council.</subfield>
            <subfield code="d">UN. HUMAN RIGHTS COUNCIL--REPORTS</subfield>
            <subfield code="e">At the 71st meeting, action on draft resolutions in A/65/451 was as follows: draft resolution I (originally A/C.3/65/L.57), adopted (123-1-55): resolution 65/195; draft resolution II (originally A/C.3/65/L.59), adopted without vote: resolution 65/196</subfield>
            <subfield code="z">I</subfield>
        </datafield>
        <datafield tag="991" ind1="1" ind2=" ">
            <subfield code="0">1221456</subfield>
            <subfield code="a">A/65/251</subfield>
            <subfield code="b">64a</subfield>
            <subfield code="c">Promotion and protection of the rights of children.</subfield>
            <subfield code="d">RIGHTS OF THE CHILD</subfield>
            <subfield code="e">At the 71st meeting, action on draft resolution and draft decision in A/65/452 was as follows: draft resolution A/C.3/65/L.21/Rev.1, adopted without vote: resolution 65/197; draft decision entitled "Reports considered by the General Assembly in connection with the promotion and protection of the rights of children", adopted without vote: decision 65/534</subfield>
            <subfield code="z">I</subfield>
        </datafield>
        <datafield tag="991" ind1="1" ind2=" ">
            <subfield code="0">1221459</subfield>
            <subfield code="a">A/65/251</subfield>
            <subfield code="b">65a</subfield>
            <subfield code="c">Indigenous issues.</subfield>
            <subfield code="d">INDIGENOUS PEOPLES</subfield>
            <subfield code="e">At the 71st meeting, draft resolution in A/65/453 (originally A/C.3/65/L.22/Rev.1) was adopted without vote: resolution 65/198</subfield>
            <subfield code="z">I</subfield>
        </datafield>
        <datafield tag="991" ind1="1" ind2=" ">
            <subfield code="0">1221460</subfield>
            <subfield code="a">A/65/251</subfield>
            <subfield code="b">65b</subfield>
            <subfield code="c">Second International Decade of the World's Indigenous People.</subfield>
            <subfield code="d">INDIGENOUS PEOPLES--INTERNATIONAL DECADE (2005-2014)</subfield>
            <subfield code="e">At the 71st meeting, draft resolution in A/65/453 (originally A/C.3/65/L.22/Rev.1) was adopted without vote: resolution 65/198</subfield>
            <subfield code="z">I</subfield>
        </datafield>
        <datafield tag="991" ind1="1" ind2=" ">
            <subfield code="0">1221494</subfield>
            <subfield code="a">A/65/251</subfield>
            <subfield code="b">66a</subfield>
            <subfield code="c">Elimination of racism, racial discrimination, xenophobia and related intolerance.</subfield>
            <subfield code="d">RACIAL DISCRIMINATION--ELIMINATION</subfield>
            <subfield code="e">At the 71st meeting, action on draft resolutions and draft decision in A/65/454 was as follows: draft resolution I (originally A/C.3/65/L.50 ), adopted (129-3-52): resolution 65/199; draft resolution II (originally A/C.3/65/L.53/Rev.1), adopted without vote: resolution 65/200; draft decision entitled "Report of the Secretary-General on global efforts for the total elimination of racism, racial discrimination, xenophobia and related intolerance and the comprehensive implementation of and follow-up to the Durban Declaration and Programme of Action", adopted without vote: decision 65/535</subfield>
            <subfield code="z">I</subfield>
        </datafield>
        <datafield tag="991" ind1="1" ind2=" ">
            <subfield code="0">1221495</subfield>
            <subfield code="a">A/65/251</subfield>
            <subfield code="b">66b</subfield>
            <subfield code="c">Comprehensive implementation of and follow-up to the Durban Declaration and Programme of Action.</subfield>
            <subfield code="d">RACIAL DISCRIMINATION--PROGRAMME IMPLEMENTATION</subfield>
            <subfield code="z">I</subfield>
        </datafield>
        <datafield tag="991" ind1="1" ind2=" ">
            <subfield code="0">1221496</subfield>
            <subfield code="a">A/65/251</subfield>
            <subfield code="b">67</subfield>
            <subfield code="c">Right of peoples to self-determination.</subfield>
            <subfield code="d">SELF-DETERMINATION OF PEOPLES</subfield>
            <subfield code="e">At the 71st meeting, action on draft resolutions in A/65/455 was as follows: draft resolution I (originally A/C.3/65/L.51), adopted without vote: resolution 65/201; draft resolution II (originally A/C.3/65/L.52), adopted (177-6-4): resolution 65/202; draft resolution III (originally A/C.3/65/L.54/Rev.1), adopted (127-52-5): resolution 65/203</subfield>
            <subfield code="z">I</subfield>
        </datafield>
        <datafield tag="991" ind1="1" ind2=" ">
            <subfield code="0">1221497</subfield>
            <subfield code="a">A/65/251</subfield>
            <subfield code="b">68</subfield>
            <subfield code="c">Promotion and protection of human rights.</subfield>
            <subfield code="d">HUMAN RIGHTS</subfield>
            <subfield code="e">At the 71st meeting, draft decision in A/65/456 entitled "Reports considered by the General Assembly in connection with the promotion and protection of human rights" was adopted without vote: decision 65/536</subfield>
            <subfield code="z">I</subfield>
        </datafield>
        <datafield tag="991" ind1="1" ind2=" ">
            <subfield code="0">1226675</subfield>
            <subfield code="a">A/65/251</subfield>
            <subfield code="b">68a[1]</subfield>
            <subfield code="d">TORTURE AND OTHER CRUEL TREATMENT</subfield>
            <subfield code="e">At the 71st meeting, action on draft resolutions in A/65/456/Add.1 was as follows: draft resolution I (originally A/C.3/65/L.25/Rev.1), adopted without vote: resolution 65/204; draft resolution II (originally A/C.3/65/L.26/Rev.1), adopted without vote: resolution 65/205</subfield>
            <subfield code="z">I</subfield>
        </datafield>
        <datafield tag="991" ind1="1" ind2=" ">
            <subfield code="0">1226925</subfield>
            <subfield code="a">A/65/251</subfield>
            <subfield code="b">68b[1]</subfield>
            <subfield code="d">CAPITAL PUNISHMENT</subfield>
            <subfield code="e">At the 71st meeting, draft resolution I in A/65/456/Add.2 (Part II) (originally A/C.3/65/L.23/Rev.1) was adopted (109-41-35): resolution 65/206</subfield>
            <subfield code="z">I</subfield>
        </datafield>
        <datafield tag="991" ind1="1" ind2=" ">
            <subfield code="0">1227291</subfield>
            <subfield code="a">A/65/251</subfield>
            <subfield code="b">68b[17]</subfield>
            <subfield code="d">NATIONAL INSTITUTIONS--HUMAN RIGHTS</subfield>
            <subfield code="e">At the 71st meeting, draft resolution II in A/65/456/Add.2 (Part II) (originally A/C.3/65/L.27) was adopted without vote: resolution 65/207</subfield>
            <subfield code="z">I</subfield>
        </datafield>
        <datafield tag="991" ind1="1" ind2=" ">
            <subfield code="0">1227055</subfield>
            <subfield code="a">A/65/251</subfield>
            <subfield code="b">68b[13]</subfield>
            <subfield code="d">SUMMARY EXECUTIONS</subfield>
            <subfield code="e">At the 71st meeting, draft resolution III in A/65/456/Add.2 (Part II) (originally A/C.3/65/L.29/Rev.1), as amended, was adopted (122-1-62): resolution 65/208</subfield>
            <subfield code="z">I</subfield>
        </datafield>
        <datafield tag="991" ind1="1" ind2=" ">
            <subfield code="0">1221512</subfield>
            <subfield code="a">A/65/251</subfield>
            <subfield code="b">68b</subfield>
            <subfield code="c">Human rights questions, including alternative approaches for improving the effective enjoyment of human rights and fundamental freedoms.</subfield>
            <subfield code="d">HUMAN RIGHTS ADVANCEMENT</subfield>
            <subfield code="e">At the 71st meeting, action on draft resolutions in A/65/456/Add.2 (Part II) was as follows: draft resolution X (originally A/C.3/65/L.37), adopted without vote: resolution 65/215; draft resolution XIII (originally A/C.3/65/L.40), adopted without vote: resolution 65/218; draft resolution XVII (originally A/C.3/65/L.44), adopted (127-54-4): resolution 65/222; draft resolution XVIII (originally A/C.3/65/L.45), adopted (126-54-5): resolution 65/223</subfield>
            <subfield code="z">I</subfield>
        </datafield>
        <datafield tag="991" ind1="1" ind2=" ">
            <subfield code="0">1226887</subfield>
            <subfield code="a">A/65/251</subfield>
            <subfield code="b">68b[3]</subfield>
            <subfield code="d">DISAPPEARANCE OF PERSONS</subfield>
            <subfield code="e">At the 71st meeting, action on draft resolutions in A/65/456/Add.2 (Part II) was as follows: draft resolution IV (originally A/C.3/65/L.30), as orally corrected, adopted without vote: resolution 65/209; draft resolution V (originally A/C.3/65/L.31), adopted without vote: resolution 65/210</subfield>
            <subfield code="z">I</subfield>
        </datafield>
        <datafield tag="991" ind1="1" ind2=" ">
            <subfield code="0">1226861</subfield>
            <subfield code="a">A/65/251</subfield>
            <subfield code="b">68b[8]</subfield>
            <subfield code="d">RELIGIOUS INTOLERANCE</subfield>
            <subfield code="e">At the 71st meeting, action on draft resolutions in A/65/456/Add.2 (Part II) was as follows: draft resolution VI (originally A/C.3/65/L.32/Rev.1), adopted without vote: resolution 65/211; draft resolution XIX (originally A/C.3/65/L.46/Rev.1), adopted (79-67-40): resolution 65/224</subfield>
            <subfield code="z">I</subfield>
        </datafield>
        <datafield tag="991" ind1="1" ind2=" ">
            <subfield code="0">1226373</subfield>
            <subfield code="a">A/65/251</subfield>
            <subfield code="b">68b[10]</subfield>
            <subfield code="d">MIGRANTS--PROTECTION</subfield>
            <subfield code="e">At the 71st meeting, draft resolution VII in A/65/456/Add.2 (Part II) (originally A/C.3/65/L.34/Rev.1) was adopted without vote: resolution 65/212</subfield>
            <subfield code="z">I</subfield>
        </datafield>
        <datafield tag="991" ind1="1" ind2=" ">
            <subfield code="0">1228036</subfield>
            <subfield code="a">A/65/251</subfield>
            <subfield code="b">68b[15]</subfield>
            <subfield code="d">ADMINISTRATION OF JUSTICE--HUMAN RIGHTS </subfield>
            <subfield code="e">At the 71st meeting, draft resolution VIII in A/65/456/Add.2 (Part II) (originally A/C.3/65/L.35/Rev.1) was adopted without vote: resolution 65/213</subfield>
            <subfield code="z">I</subfield>
        </datafield>
        <datafield tag="991" ind1="1" ind2=" ">
            <subfield code="0">1226877</subfield>
            <subfield code="a">A/65/251</subfield>
            <subfield code="b">68b[19]</subfield>
            <subfield code="d">POVERTY--HUMAN RIGHTS</subfield>
            <subfield code="e">At the 71st meeting, draft resolution IX in A/65/456/Add.2 (Part II) (originally A/C.3/65/L.36/Rev.1) was adopted without vote: resolution 65/214</subfield>
            <subfield code="z">I</subfield>
        </datafield>
        <datafield tag="991" ind1="1" ind2=" ">
            <subfield code="0">1226480</subfield>
            <subfield code="a">A/65/251</subfield>
            <subfield code="b">68b[6]</subfield>
            <subfield code="d">GLOBALIZATION--HUMAN RIGHTS</subfield>
            <subfield code="e">At the 71st meeting, draft resolution XI in A/65/456/Add.2 (Part II) (originally A/C.3/65/L.38), was adopted (132-54-0): resolution 65/216</subfield>
            <subfield code="z">I</subfield>
        </datafield>
        <datafield tag="991" ind1="1" ind2=" ">
            <subfield code="0">1225834</subfield>
            <subfield code="a">A/65/251</subfield>
            <subfield code="b">68b[12]</subfield>
            <subfield code="d">SANCTIONS--INTERNATIONAL RELATIONS</subfield>
            <subfield code="e">At the 71st meeting, draft resolution XII in A/65/456/Add.2 (Part II) (originally A/C.3/65/L.39), was adopted (131-53-0): resolution 65/217</subfield>
            <subfield code="z">I</subfield>
        </datafield>
        <datafield tag="991" ind1="1" ind2=" ">
            <subfield code="0">1226553</subfield>
            <subfield code="a">A/65/251</subfield>
            <subfield code="b">68b[11]</subfield>
            <subfield code="d">RIGHT TO DEVELOPMENT</subfield>
            <subfield code="e">At the 71st meeting, draft resolution XIV in A/65/456/Add.2 (Part II) (originally A/C.3/65/L.41/Rev.1), was adopted (133-24-28): resolution 65/219</subfield>
            <subfield code="z">I</subfield>
        </datafield>
        <datafield tag="991" ind1="1" ind2=" ">
            <subfield code="0">1227056</subfield>
            <subfield code="a">A/65/251</subfield>
            <subfield code="b">68b[5]</subfield>
            <subfield code="d">RIGHT TO FOOD</subfield>
            <subfield code="e">At the 71st meeting, draft resolution XV in A/65/456/Add.2 (Part II) (originally A/C.3/65/L.42/Rev.1), was adopted without vote: resolution 65/220</subfield>
            <subfield code="z">I</subfield>
        </datafield>
        <datafield tag="991" ind1="1" ind2=" ">
            <subfield code="0">1226748</subfield>
            <subfield code="a">A/65/251</subfield>
            <subfield code="b">68b[14]</subfield>
            <subfield code="d">TERRORISM--HUMAN RIGHTS</subfield>
            <subfield code="e">At the 71st meeting, draft resolution XVI in A/65/456/Add.2 (Part II) (originally A/C.3/65/L.43/Rev.1), was adopted without vote: resolution 65/221</subfield>
            <subfield code="z">I</subfield>
        </datafield>
        <datafield tag="991" ind1="1" ind2=" ">
            <subfield code="0">1227332</subfield>
            <subfield code="a">A/65/251</subfield>
            <subfield code="b">68c[4]</subfield>
            <subfield code="d">HUMAN RIGHTS--DEMOCRATIC PEOPLE'S REPUBLIC OF KOREA</subfield>
            <subfield code="e">At the 71st meeting, draft resolution I in A/65/456/Add.3 (originally A/C.3/65/L.47), was adopted (106-20-57): resolution 65/225</subfield>
            <subfield code="z">I</subfield>
        </datafield>
        <datafield tag="991" ind1="1" ind2=" ">
            <subfield code="0">1227599</subfield>
            <subfield code="a">A/65/251</subfield>
            <subfield code="b">68c[6]</subfield>
            <subfield code="d">HUMAN RIGHTS--IRAN (ISLAMIC REPUBLIC OF)</subfield>
            <subfield code="e">At the 71st meeting, draft resolution III in A/65/456/Add.3 (originally A/C.3/65/L.49 ), was adopted (78-45-59): resolution 65/226</subfield>
            <subfield code="z">I</subfield>
        </datafield>
        <datafield tag="991" ind1="1" ind2=" ">
            <subfield code="0">1221514</subfield>
            <subfield code="a">A/65/251</subfield>
            <subfield code="b">68d</subfield>
            <subfield code="c">Comprehensive implementation of and follow-up to the Vienna Declaration and Programme of Action.</subfield>
            <subfield code="d">HUMAN RIGHTS--PROGRAMMES OF ACTION (1993)</subfield>
            <subfield code="e">At the 71st meeting, the Assembly took note of the report of the 3rd Committee (A/65/456/Add.4): decision 65/537</subfield>
            <subfield code="z">I</subfield>
        </datafield>
        <datafield tag="991" ind1="1" ind2=" ">
            <subfield code="0">1221967</subfield>
            <subfield code="a">A/65/251</subfield>
            <subfield code="b">105</subfield>
            <subfield code="c">Crime prevention and criminal justice.</subfield>
            <subfield code="d">CRIME PREVENTION</subfield>
            <subfield code="e">At the 71st meeting, action on draft resolutions and draft decision in A/65/457 was as follows: draft resolution I (originally A/C.3/65/L.13), adopted without vote: resolution 65/227; draft resolution II (originally A/C.3/65/L.4), adopted without vote: resolution 65/228; draft resolution III (originally A/C.3/65/L.5), adopted without vote: resolution 65/229; draft resolution IV (originally A/C.3/65/L.6), adopted without vote: resolution 65/230; draft resolution V (originally A/C.3/65/L.14), adopted without vote: resolution 65/231; draft resolution VI (originally A/C.3/65/L.15/Rev.1), adopted without vote: resolution 65/232; draft decision entitled "Reports considered by the General Assembly in connection with crime prevention and criminal justice", adopted without vote: decision 65/538</subfield>
            <subfield code="z">I</subfield>
        </datafield>
        <datafield tag="991" ind1="1" ind2=" ">
            <subfield code="0">1221968</subfield>
            <subfield code="a">A/65/251</subfield>
            <subfield code="b">106</subfield>
            <subfield code="c">International drug control.</subfield>
            <subfield code="d">NARCOTIC DRUGS</subfield>
            <subfield code="e">At the 71st meeting, action on draft resolutions in A/65/458 was as follows: draft resolution I (originally A/C.3/65/L.13), adopted without vote: resolution 65/227; draft resolution II (originally A/C.3/65/L.16/Rev.1), adopted without vote: resolution 65/233</subfield>
            <subfield code="z">I</subfield>
        </datafield>
        <datafield tag="991" ind1="1" ind2=" ">
            <subfield code="0">1222010</subfield>
            <subfield code="a">A/65/251</subfield>
            <subfield code="b">118</subfield>
            <subfield code="c">Revitalization of the work of the General Assembly</subfield>
            <subfield code="d">UN. GENERAL ASSEMBLY--WORK PROGRAMME</subfield>
            <subfield code="e">At the 71st meeting, draft decision entitled "Programme of work of the 3rd Committee for the 66th session of the General Assembly" was adopted without vote: decision 65/539</subfield>
            <subfield code="z">I</subfield>
        </datafield>
        <datafield tag="991" ind1="1" ind2=" ">
            <subfield code="0">1222072</subfield>
            <subfield code="a">A/65/251</subfield>
            <subfield code="b">130</subfield>
            <subfield code="c">Programme planning.</subfield>
            <subfield code="d">UN--PROGRAMME PLANNING</subfield>
            <subfield code="e">At the 71st meeting, the Assembly took note of the report of the 3rd Committee (A/65/460): decision 65/540</subfield>
            <subfield code="z">I</subfield>
        </datafield>
        <datafield tag="992" ind1=" " ind2=" ">
            <subfield code="a">20101221</subfield>
        </datafield>
        <datafield tag="998" ind1=" " ind2=" ">
            <subfield code="a">20110518054000</subfield>
            <subfield code="b">pnser</subfield>
            <subfield code="c">20120525070500</subfield>
            <subfield code="d">amcat</subfield>
        </datafield>
        <datafield tag="999" ind1=" " ind2=" ">
            <subfield code="a">jmr20110520</subfield>
            <subfield code="b">20110520</subfield>
            <subfield code="c">r</subfield>
        </datafield>
        <datafield tag="999" ind1=" " ind2=" ">
            <subfield code="a">pnq20110518</subfield>
            <subfield code="b">20110518</subfield>
            <subfield code="c">q</subfield>
        </datafield>
        <datafield tag="999" ind1=" " ind2=" ">
            <subfield code="a">mhc20110519</subfield>
            <subfield code="b">20110519</subfield>
            <subfield code="c">q</subfield>
        </datafield>
        <datafield tag="999" ind1=" " ind2=" ">
            <subfield code="a">vwt20110613</subfield>
            <subfield code="b">20110613</subfield>
            <subfield code="c">t</subfield>
        </datafield>
        <datafield tag="999" ind1=" " ind2=" ">
            <subfield code="a">vwu20120217</subfield>
            <subfield code="b">20120217</subfield>
            <subfield code="c">u</subfield>
        </datafield>
        <datafield tag="999" ind1=" " ind2=" ">
            <subfield code="a">vwu20120221</subfield>
            <subfield code="b">20120221</subfield>
            <subfield code="c">u</subfield>
        </datafield>
    </record>