

    
    <record>
        <controlfield tag="001">703245</controlfield>
        <controlfield tag="000">00000nam\\2200025#a\4500</controlfield>
        <controlfield tag="005">20170412204254.0</controlfield>
        <controlfield tag="008">110518s2011\\\\usa\\\\#r\\\\\|||1|\eng\d</controlfield>
        <datafield tag="029" ind1=" " ind2=" ">
            <subfield code="a">JN</subfield>
            <subfield code="b">N1070475 E</subfield>
        </datafield>
        <datafield tag="035" ind1=" " ind2=" ">
            <subfield code="a">D0380405</subfield>
        </datafield>
        <datafield tag="035" ind1=" " ind2=" ">
            <subfield code="a">(DHL)946739</subfield>
        </datafield>
        <datafield tag="039" ind1=" " ind2=" ">
            <subfield code="a">DHU</subfield>
        </datafield>
        <datafield tag="040" ind1=" " ind2=" ">
            <subfield code="a">NNUN</subfield>
            <subfield code="b">eng</subfield>
        </datafield>
        <datafield tag="041" ind1=" " ind2=" ">
            <subfield code="a">arachiengfrerusspa</subfield>
        </datafield>
        <datafield tag="049" ind1=" " ind2=" ">
            <subfield code="a">usa</subfield>
        </datafield>
        <datafield tag="089" ind1=" " ind2=" ">
            <subfield code="b">B03</subfield>
        </datafield>
        <datafield tag="091" ind1=" " ind2=" ">
            <subfield code="a">GEN</subfield>
        </datafield>
        <datafield tag="099" ind1=" " ind2=" ">
            <subfield code="a">UNH</subfield>
            <subfield code="b">DHU</subfield>
            <subfield code="c">A(01)/R3</subfield>
            <subfield code="q">A01R3</subfield>
        </datafield>
        <datafield tag="191" ind1=" " ind2=" ">
            <subfield code="0">1221254</subfield>
            <subfield code="9">G88</subfield>
            <subfield code="a">A/65/PV.72</subfield>
            <subfield code="b">A/</subfield>
            <subfield code="c">65</subfield>
            <subfield code="q">A65PV72</subfield>
            <subfield code="r">A65</subfield>
        </datafield>
        <datafield tag="245" ind1="1" ind2="0">
            <subfield code="a">General Assembly official records, 65th session :</subfield>
            <subfield code="b">72nd plenary meeting, Wednesday, 22 December 2010, New York</subfield>
        </datafield>
        <datafield tag="260" ind1=" " ind2=" ">
            <subfield code="a">[New York] :</subfield>
            <subfield code="b">UN,</subfield>
            <subfield code="c">[2011]</subfield>
        </datafield>
        <datafield tag="269" ind1=" " ind2=" ">
            <subfield code="a">2011</subfield>
        </datafield>
        <datafield tag="300" ind1=" " ind2=" ">
            <subfield code="a">6 p.</subfield>
        </datafield>
        <datafield tag="495" ind1=" " ind2=" ">
            <subfield code="a">GAOR, 65th sess., Meeting records</subfield>
        </datafield>
        <datafield tag="610" ind1="2" ind2="7">
            <subfield code="0">1169817</subfield>
            <subfield code="2">unbisn</subfield>
            <subfield code="a">UN. Peacebuilding Commission. Organizational Committee</subfield>
            <subfield code="g">Members</subfield>
        </datafield>
        <datafield tag="610" ind1="2" ind2="7">
            <subfield code="0">871664</subfield>
            <subfield code="2">unbisn</subfield>
            <subfield code="a">ASEAN</subfield>
        </datafield>
        <datafield tag="610" ind1="2" ind2="7">
            <subfield code="0">(DHLAUTH)98761</subfield>
            <subfield code="2">unbisn</subfield>
            <subfield code="a">Organization for the Prohibition of Chemical Weapons</subfield>
        </datafield>
        <datafield tag="650" ind1="1" ind2="7">
            <subfield code="0">1283920</subfield>
            <subfield code="2">unbist</subfield>
            <subfield code="a">POPULATION PROGRAMMES</subfield>
        </datafield>
        <datafield tag="650" ind1="1" ind2="7">
            <subfield code="0">1277982</subfield>
            <subfield code="2">unbist</subfield>
            <subfield code="a">CHEMICAL WEAPONS</subfield>
        </datafield>
        <datafield tag="650" ind1="1" ind2="7">
            <subfield code="0">1282939</subfield>
            <subfield code="2">unbist</subfield>
            <subfield code="a">COOPERATION BETWEEN ORGANIZATIONS</subfield>
        </datafield>
        <datafield tag="650" ind1="1" ind2="7">
            <subfield code="0">1277936</subfield>
            <subfield code="2">unbist</subfield>
            <subfield code="a">REGIONAL ORGANIZATIONS</subfield>
        </datafield>
        <datafield tag="793" ind1=" " ind2=" ">
            <subfield code="a">PL</subfield>
        </datafield>
        <datafield tag="856" ind1="4" ind2=" ">
            <subfield code="s">154603</subfield>
            <subfield code="u">http://digitallibrary.un.org/record/703245/files/A_65_PV.72-AR.pdf</subfield>
            <subfield code="y">العربية</subfield>
        </datafield>
        <datafield tag="856" ind1="4" ind2=" ">
            <subfield code="s">211982</subfield>
            <subfield code="u">http://digitallibrary.un.org/record/703245/files/A_65_PV.72-ZH.pdf</subfield>
            <subfield code="y">中文</subfield>
        </datafield>
        <datafield tag="856" ind1="4" ind2=" ">
            <subfield code="s">55260</subfield>
            <subfield code="u">http://digitallibrary.un.org/record/703245/files/A_65_PV.72-EN.pdf</subfield>
            <subfield code="y">English</subfield>
        </datafield>
        <datafield tag="856" ind1="4" ind2=" ">
            <subfield code="s">124009</subfield>
            <subfield code="u">http://digitallibrary.un.org/record/703245/files/A_65_PV.72-FR.pdf</subfield>
            <subfield code="y">Français</subfield>
        </datafield>
        <datafield tag="856" ind1="4" ind2=" ">
            <subfield code="s">244948</subfield>
            <subfield code="u">http://digitallibrary.un.org/record/703245/files/A_65_PV.72-RU.pdf</subfield>
            <subfield code="y">Русский</subfield>
        </datafield>
        <datafield tag="856" ind1="4" ind2=" ">
            <subfield code="s">146930</subfield>
            <subfield code="u">http://digitallibrary.un.org/record/703245/files/A_65_PV.72-ES.pdf</subfield>
            <subfield code="y">Español</subfield>
        </datafield>
        <datafield tag="930" ind1=" " ind2=" ">
            <subfield code="a">UNDMY11</subfield>
        </datafield>
        <datafield tag="949" ind1=" " ind2=" ">
            <subfield code="9">A(01)/R3</subfield>
            <subfield code="b">1780596.2.1</subfield>
            <subfield code="c">c. 1</subfield>
            <subfield code="d">20110517200000</subfield>
            <subfield code="i">1780596</subfield>
            <subfield code="k">uncs</subfield>
            <subfield code="l">DHL</subfield>
            <subfield code="m">14day</subfield>
            <subfield code="z">t</subfield>
        </datafield>
        <datafield tag="949" ind1=" " ind2=" ">
            <subfield code="9">A(01)/R3</subfield>
            <subfield code="b">1780598.4.1</subfield>
            <subfield code="c">c. 1</subfield>
            <subfield code="d">20110517200000</subfield>
            <subfield code="i">1780598</subfield>
            <subfield code="k">unrs</subfield>
            <subfield code="l">DHL</subfield>
            <subfield code="m">14day</subfield>
            <subfield code="z">t</subfield>
        </datafield>
        <datafield tag="949" ind1=" " ind2=" ">
            <subfield code="9">A(01)/R3</subfield>
            <subfield code="b">1780597.3.1</subfield>
            <subfield code="c">c. 1</subfield>
            <subfield code="d">20110517200000</subfield>
            <subfield code="i">1780597</subfield>
            <subfield code="k">unfs</subfield>
            <subfield code="l">DHL</subfield>
            <subfield code="m">14day</subfield>
            <subfield code="z">t</subfield>
        </datafield>
        <datafield tag="949" ind1=" " ind2=" ">
            <subfield code="9">A(01)/R3</subfield>
            <subfield code="b">10000000946739</subfield>
            <subfield code="c">c. 1</subfield>
            <subfield code="d">20110517200000</subfield>
            <subfield code="i">1780594</subfield>
            <subfield code="k">unes</subfield>
            <subfield code="l">DHL</subfield>
            <subfield code="m">14day</subfield>
            <subfield code="z">t</subfield>
        </datafield>
        <datafield tag="949" ind1=" " ind2=" ">
            <subfield code="9">A(01)/R3</subfield>
            <subfield code="b">1780595.1.1</subfield>
            <subfield code="c">c. 1</subfield>
            <subfield code="d">20110517200000</subfield>
            <subfield code="i">1780595</subfield>
            <subfield code="k">unas</subfield>
            <subfield code="l">DHL</subfield>
            <subfield code="m">14day</subfield>
            <subfield code="z">t</subfield>
        </datafield>
        <datafield tag="949" ind1=" " ind2=" ">
            <subfield code="9">A(01)/R3</subfield>
            <subfield code="b">1780599.5.1</subfield>
            <subfield code="c">c. 1</subfield>
            <subfield code="d">20110517200000</subfield>
            <subfield code="i">1780599</subfield>
            <subfield code="k">unss</subfield>
            <subfield code="l">DHL</subfield>
            <subfield code="m">14day</subfield>
            <subfield code="z">t</subfield>
        </datafield>
        <datafield tag="980" ind1=" " ind2=" ">
            <subfield code="a">BIB</subfield>
        </datafield>
        <datafield tag="989" ind1=" " ind2=" ">
            <subfield code="a">Documents and Publications</subfield>
            <subfield code="b">Meeting Records</subfield>
            <subfield code="c">Verbatim Records</subfield>
        </datafield>
        <datafield tag="991" ind1="1" ind2=" ">
            <subfield code="0">1221977</subfield>
            <subfield code="a">A/65/251</subfield>
            <subfield code="b">112b</subfield>
            <subfield code="c">Election of 5 members of the Organizational Committee of the Peacebuilding Commission.</subfield>
            <subfield code="d">UN. PEACEBUILDING COMMISSION. ORGANIZATIONAL COMMITTEE--MEMBERS</subfield>
            <subfield code="e">At the 72nd meeting, Benin, Brazil, Indonesia, Tunisia and Uruguay were elected members of the Organizational Committee of the Peacebuilding Committee for a 2-year term of office beginning on 1 Jan. 2011: decision 65/411</subfield>
            <subfield code="z">I</subfield>
        </datafield>
        <datafield tag="991" ind1="1" ind2=" ">
            <subfield code="0">1221291</subfield>
            <subfield code="a">A/65/251</subfield>
            <subfield code="b">13</subfield>
            <subfield code="c">Integrated and coordinated implementation of and follow-up to the outcomes of the major United Nations conferences and summits in the economic, social and related fields.</subfield>
            <subfield code="d">UN CONFERENCES--FOLLOW-UP</subfield>
            <subfield code="e">At the 72nd meeting, draft resolution A/65/L.39/Rev.2, as orally corrected, was adopted without vote: resolution 65/234</subfield>
            <subfield code="z">I</subfield>
        </datafield>
        <datafield tag="991" ind1="1" ind2=" ">
            <subfield code="0">1222017</subfield>
            <subfield code="a">A/65/251</subfield>
            <subfield code="b">122c</subfield>
            <subfield code="c">Cooperation between the United Nations and the Association of Southeast Asian Nations.</subfield>
            <subfield code="d">ASSOCIATION OF SOUTHEAST ASIAN NATIONS--UN</subfield>
            <subfield code="e">At the 72nd meeting, draft resolution A/65/L.55 was adopted without vote: resolution 65/235</subfield>
            <subfield code="z">I</subfield>
        </datafield>
        <datafield tag="991" ind1="1" ind2=" ">
            <subfield code="0">1222034</subfield>
            <subfield code="a">A/65/251</subfield>
            <subfield code="b">122p</subfield>
            <subfield code="c">Cooperation between the United Nations and the Organization for the Prohibition of Chemical Weapons.</subfield>
            <subfield code="d">ORGANIZATION FOR THE PROHIBITION OF CHEMICAL WEAPONS--UN</subfield>
            <subfield code="e">At the 72nd meeting, draft resolution A/65/L.56 was adopted without vote: resolution 65/236</subfield>
            <subfield code="z">I</subfield>
        </datafield>
        <datafield tag="991" ind1="1" ind2=" ">
            <subfield code="0">1221282</subfield>
            <subfield code="a">A/65/251</subfield>
            <subfield code="b">7</subfield>
            <subfield code="c">Organization of work, adoption of the agenda and allocation of items : reports of the General Committee.</subfield>
            <subfield code="d">UN. GENERAL ASSEMBLY (65TH SESS. : 2010-2011)--AGENDA</subfield>
            <subfield code="e">At the 72nd meeting, the Assembly decided, should the work of the 65th session would not be finished by Dec. 22nd, to change the date of recess of the current session to Dec. 23rd: decision 65/502</subfield>
            <subfield code="z">I</subfield>
        </datafield>
        <datafield tag="992" ind1=" " ind2=" ">
            <subfield code="a">20101222</subfield>
        </datafield>
        <datafield tag="998" ind1=" " ind2=" ">
            <subfield code="a">20110518054100</subfield>
            <subfield code="b">pnser</subfield>
            <subfield code="c">20110613112300</subfield>
            <subfield code="d">vwcat2</subfield>
        </datafield>
        <datafield tag="999" ind1=" " ind2=" ">
            <subfield code="a">jmr20110523</subfield>
            <subfield code="b">20110523</subfield>
            <subfield code="c">r</subfield>
        </datafield>
        <datafield tag="999" ind1=" " ind2=" ">
            <subfield code="a">pnq20110518</subfield>
            <subfield code="b">20110518</subfield>
            <subfield code="c">q</subfield>
        </datafield>
        <datafield tag="999" ind1=" " ind2=" ">
            <subfield code="a">mhc20110518</subfield>
            <subfield code="b">20110518</subfield>
            <subfield code="c">c</subfield>
        </datafield>
        <datafield tag="999" ind1=" " ind2=" ">
            <subfield code="a">vwt20110613</subfield>
            <subfield code="b">20110613</subfield>
            <subfield code="c">t</subfield>
        </datafield>
    </record>