

    
    <record>
        <controlfield tag="001">701732</controlfield>
        <controlfield tag="000">00000nam\\2200025#a\4500</controlfield>
        <controlfield tag="005">20170412204310.0</controlfield>
        <controlfield tag="008">110426s2011\\\\usa\\\\#r\\\\\|||1|\eng\d</controlfield>
        <datafield tag="029" ind1=" " ind2=" ">
            <subfield code="a">JN</subfield>
            <subfield code="b">N1067401 E</subfield>
        </datafield>
        <datafield tag="035" ind1=" " ind2=" ">
            <subfield code="a">D0380003</subfield>
        </datafield>
        <datafield tag="035" ind1=" " ind2=" ">
            <subfield code="a">(DHL)945038</subfield>
        </datafield>
        <datafield tag="039" ind1=" " ind2=" ">
            <subfield code="a">DHU</subfield>
        </datafield>
        <datafield tag="040" ind1=" " ind2=" ">
            <subfield code="a">NNUN</subfield>
            <subfield code="b">eng</subfield>
        </datafield>
        <datafield tag="041" ind1=" " ind2=" ">
            <subfield code="a">arachiengfrerusspa </subfield>
        </datafield>
        <datafield tag="049" ind1=" " ind2=" ">
            <subfield code="a">usa</subfield>
        </datafield>
        <datafield tag="089" ind1=" " ind2=" ">
            <subfield code="b">B03</subfield>
        </datafield>
        <datafield tag="091" ind1=" " ind2=" ">
            <subfield code="a">GEN</subfield>
        </datafield>
        <datafield tag="099" ind1=" " ind2=" ">
            <subfield code="a">UNH</subfield>
            <subfield code="b">DHU</subfield>
        </datafield>
        <datafield tag="191" ind1=" " ind2=" ">
            <subfield code="0">1221254</subfield>
            <subfield code="9">G88</subfield>
            <subfield code="a">A/65/PV.57</subfield>
            <subfield code="b">A/</subfield>
            <subfield code="c">65</subfield>
            <subfield code="q">A65PV57</subfield>
            <subfield code="r">A65</subfield>
        </datafield>
        <datafield tag="245" ind1="1" ind2="0">
            <subfield code="a">General Assembly official records, 65th session :</subfield>
            <subfield code="b">57th plenary meeting, Saturday [i.e. Monday], 6 November [i.e. December] 2010, New York</subfield>
        </datafield>
        <datafield tag="260" ind1=" " ind2=" ">
            <subfield code="a">[New York] :</subfield>
            <subfield code="b">UN,</subfield>
            <subfield code="c">[2011]</subfield>
        </datafield>
        <datafield tag="269" ind1=" " ind2=" ">
            <subfield code="a">2011</subfield>
        </datafield>
        <datafield tag="300" ind1=" " ind2=" ">
            <subfield code="a">9 p.</subfield>
        </datafield>
        <datafield tag="495" ind1=" " ind2=" ">
            <subfield code="a">GAOR, 65th sess., Meeting records</subfield>
        </datafield>
        <datafield tag="610" ind1="2" ind2="7">
            <subfield code="0">1227920</subfield>
            <subfield code="2">unbisn</subfield>
            <subfield code="a">UN. General Assembly (66th sess. : 2011-2012). 6th Committee</subfield>
            <subfield code="g">Work organization</subfield>
        </datafield>
        <datafield tag="610" ind1="2" ind2="7">
            <subfield code="0">1227856</subfield>
            <subfield code="2">unbisn</subfield>
            <subfield code="a">UN. Special Committee on the Charter of the United Nations and on the Strengthening of the Role of the Organization (2011 sess. : New York)</subfield>
        </datafield>
        <datafield tag="630" ind1="0" ind2="7">
            <subfield code="0">869966</subfield>
            <subfield code="2">unbisn</subfield>
            <subfield code="a">UN Programme of Assistance in the Teaching, Study, Dissemination and Wider Appreciation of International Law</subfield>
        </datafield>
        <datafield tag="630" ind1="0" ind2="7">
            <subfield code="0">1219527</subfield>
            <subfield code="2">unbisn</subfield>
            <subfield code="a">International Year for People of African Descent (2011)</subfield>
        </datafield>
        <datafield tag="650" ind1="1" ind2="7">
            <subfield code="0">1278275</subfield>
            <subfield code="2">unbist</subfield>
            <subfield code="a">STATE RESPONSIBILITY</subfield>
        </datafield>
        <datafield tag="650" ind1="1" ind2="7">
            <subfield code="0">1283220</subfield>
            <subfield code="2">unbist</subfield>
            <subfield code="a">STANDARDS OF CONDUCT</subfield>
        </datafield>
        <datafield tag="650" ind1="1" ind2="7">
            <subfield code="0">1282998</subfield>
            <subfield code="2">unbist</subfield>
            <subfield code="a">INTERNATIONAL LAW CODIFICATION</subfield>
        </datafield>
        <datafield tag="650" ind1="1" ind2="7">
            <subfield code="0">1284594</subfield>
            <subfield code="2">unbist</subfield>
            <subfield code="a">ENVIRONMENTALLY HAZARDOUS ACTIVITIES</subfield>
        </datafield>
        <datafield tag="650" ind1="1" ind2="7">
            <subfield code="0">1281053</subfield>
            <subfield code="2">unbist</subfield>
            <subfield code="a">HUMAN RIGHTS IN ARMED CONFLICTS</subfield>
        </datafield>
        <datafield tag="650" ind1="2" ind2="7">
            <subfield code="0">1278220</subfield>
            <subfield code="2">unbist</subfield>
            <subfield code="a">RULE OF LAW</subfield>
        </datafield>
        <datafield tag="650" ind1="2" ind2="7">
            <subfield code="0">1282439</subfield>
            <subfield code="2">unbist</subfield>
            <subfield code="a">INTERNATIONAL JURISDICTION</subfield>
        </datafield>
        <datafield tag="650" ind1="2" ind2="7">
            <subfield code="0">1283512</subfield>
            <subfield code="2">unbist</subfield>
            <subfield code="a">COUNTER-TERRORISM</subfield>
        </datafield>
        <datafield tag="650" ind1="2" ind2="7">
            <subfield code="0">1282567</subfield>
            <subfield code="2">unbist</subfield>
            <subfield code="a">PROGRAMME PLANNING</subfield>
        </datafield>
        <datafield tag="650" ind1="2" ind2="7">
            <subfield code="0">1278107</subfield>
            <subfield code="2">unbist</subfield>
            <subfield code="a">ADMINISTRATION OF JUSTICE</subfield>
        </datafield>
        <datafield tag="650" ind1="2" ind2="7">
            <subfield code="0">1282978</subfield>
            <subfield code="2">unbist</subfield>
            <subfield code="a">HOST COUNTRY RELATIONS</subfield>
        </datafield>
        <datafield tag="650" ind1="2" ind2="7">
            <subfield code="0">1278292</subfield>
            <subfield code="2">unbist</subfield>
            <subfield code="a">INTERNATIONAL TRADE LAW</subfield>
        </datafield>
        <datafield tag="650" ind1="2" ind2="7">
            <subfield code="0">1278245</subfield>
            <subfield code="2">unbist</subfield>
            <subfield code="a">DIPLOMATIC PROTECTION</subfield>
        </datafield>
        <datafield tag="650" ind1="2" ind2="7">
            <subfield code="0">1282948</subfield>
            <subfield code="2">unbist</subfield>
            <subfield code="a">DIPLOMATS' SECURITY</subfield>
        </datafield>
        <datafield tag="793" ind1=" " ind2=" ">
            <subfield code="a">PL</subfield>
        </datafield>
        <datafield tag="856" ind1="4" ind2=" ">
            <subfield code="s">180345</subfield>
            <subfield code="u">http://digitallibrary.un.org/record/701732/files/A_65_PV.57-AR.pdf</subfield>
            <subfield code="y">العربية</subfield>
        </datafield>
        <datafield tag="856" ind1="4" ind2=" ">
            <subfield code="s">209271</subfield>
            <subfield code="u">http://digitallibrary.un.org/record/701732/files/A_65_PV.57-ZH.pdf</subfield>
            <subfield code="y">中文</subfield>
        </datafield>
        <datafield tag="856" ind1="4" ind2=" ">
            <subfield code="s">63849</subfield>
            <subfield code="u">http://digitallibrary.un.org/record/701732/files/A_65_PV.57-EN.pdf</subfield>
            <subfield code="y">English</subfield>
        </datafield>
        <datafield tag="856" ind1="4" ind2=" ">
            <subfield code="s">68201</subfield>
            <subfield code="u">http://digitallibrary.un.org/record/701732/files/A_65_PV.57-FR.pdf</subfield>
            <subfield code="y">Français</subfield>
        </datafield>
        <datafield tag="856" ind1="4" ind2=" ">
            <subfield code="s">295866</subfield>
            <subfield code="u">http://digitallibrary.un.org/record/701732/files/A_65_PV.57-RU.pdf</subfield>
            <subfield code="y">Русский</subfield>
        </datafield>
        <datafield tag="856" ind1="4" ind2=" ">
            <subfield code="s">152894</subfield>
            <subfield code="u">http://digitallibrary.un.org/record/701732/files/A_65_PV.57-ES.pdf</subfield>
            <subfield code="y">Español</subfield>
        </datafield>
        <datafield tag="930" ind1=" " ind2=" ">
            <subfield code="a">UNDAP11</subfield>
        </datafield>
        <datafield tag="949" ind1=" " ind2=" ">
            <subfield code="9">A/65/PV.57</subfield>
            <subfield code="b">1777021.3.1</subfield>
            <subfield code="c">c. 1</subfield>
            <subfield code="d">20110425200000</subfield>
            <subfield code="i">1777021</subfield>
            <subfield code="k">uncs</subfield>
            <subfield code="l">DHL</subfield>
            <subfield code="m">14day</subfield>
            <subfield code="z">t</subfield>
        </datafield>
        <datafield tag="949" ind1=" " ind2=" ">
            <subfield code="9">A/65/PV.57</subfield>
            <subfield code="b">10000009450381</subfield>
            <subfield code="c">c. 1</subfield>
            <subfield code="d">20110425200000</subfield>
            <subfield code="i">1777018</subfield>
            <subfield code="k">unes</subfield>
            <subfield code="l">DHL</subfield>
            <subfield code="m">14day</subfield>
            <subfield code="z">t</subfield>
        </datafield>
        <datafield tag="949" ind1=" " ind2=" ">
            <subfield code="9">A/65/PV.57</subfield>
            <subfield code="b">1777022.4.1</subfield>
            <subfield code="c">c. 1</subfield>
            <subfield code="d">20110425200000</subfield>
            <subfield code="i">1777022</subfield>
            <subfield code="k">unrs</subfield>
            <subfield code="l">DHL</subfield>
            <subfield code="m">14day</subfield>
            <subfield code="z">t</subfield>
        </datafield>
        <datafield tag="949" ind1=" " ind2=" ">
            <subfield code="9">A/65/PV.57</subfield>
            <subfield code="b">1777020.2.1</subfield>
            <subfield code="c">c. 1</subfield>
            <subfield code="d">20110425200000</subfield>
            <subfield code="i">1777020</subfield>
            <subfield code="k">unrs</subfield>
            <subfield code="l">DHL</subfield>
            <subfield code="m">14day</subfield>
            <subfield code="z">t</subfield>
        </datafield>
        <datafield tag="949" ind1=" " ind2=" ">
            <subfield code="9">A/65/PV.57</subfield>
            <subfield code="b">1777019.1.1</subfield>
            <subfield code="c">c. 1</subfield>
            <subfield code="d">20110425200000</subfield>
            <subfield code="i">1777019</subfield>
            <subfield code="k">unas</subfield>
            <subfield code="l">DHL</subfield>
            <subfield code="m">14day</subfield>
            <subfield code="z">t</subfield>
        </datafield>
        <datafield tag="949" ind1=" " ind2=" ">
            <subfield code="9">A/65/PV.57</subfield>
            <subfield code="b">1777023.5.1</subfield>
            <subfield code="c">c. 1</subfield>
            <subfield code="d">20110425200000</subfield>
            <subfield code="i">1777023</subfield>
            <subfield code="k">unss</subfield>
            <subfield code="l">DHL</subfield>
            <subfield code="m">14day</subfield>
            <subfield code="z">t</subfield>
        </datafield>
        <datafield tag="980" ind1=" " ind2=" ">
            <subfield code="a">BIB</subfield>
        </datafield>
        <datafield tag="989" ind1=" " ind2=" ">
            <subfield code="a">Documents and Publications</subfield>
            <subfield code="b">Meeting Records</subfield>
            <subfield code="c">Verbatim Records</subfield>
        </datafield>
        <datafield tag="991" ind1="1" ind2=" ">
            <subfield code="0">1224918</subfield>
            <subfield code="a">A/65/251</subfield>
            <subfield code="b">75</subfield>
            <subfield code="c">Responsibility of States for internationally wrongful acts.</subfield>
            <subfield code="d">STATE RESPONSIBILITY--INTERNATIONAL LAW</subfield>
            <subfield code="e">At the 57th meeting, draft resolution in A/65/463 (originally A/C.6/65/L.8) was adopted without vote: resolution 65/19</subfield>
            <subfield code="z">I</subfield>
        </datafield>
        <datafield tag="991" ind1="1" ind2=" ">
            <subfield code="0">1221573</subfield>
            <subfield code="a">A/65/251</subfield>
            <subfield code="b">76</subfield>
            <subfield code="c">Criminal accountability of United Nations officials and experts on mission.</subfield>
            <subfield code="d">PEACEKEEPING OPERATIONS--CRIMINAL LIABILITY</subfield>
            <subfield code="e">At the 57th meeting, draft resolution in A/65/464 (originally A/C.6/65/L.3) was adopted without vote: resolution 65/20</subfield>
            <subfield code="z">I</subfield>
        </datafield>
        <datafield tag="991" ind1="1" ind2=" ">
            <subfield code="0">1221856</subfield>
            <subfield code="a">A/65/251</subfield>
            <subfield code="b">77</subfield>
            <subfield code="c">Report of the United Nations Commission on International Trade Law on the work of its 43rd session.</subfield>
            <subfield code="d">INTERNATIONAL TRADE LAW</subfield>
            <subfield code="e">At the 57th meeting, action on draft resolutions in A/65/465 was as follows: draft resolution I (originally A/C.6/65/L.4), adopted without vote: resolution 65/21; draft resolution II (originally A/C.6/65/L.5), adopted without vote: resolution 65/22; draft resolution III (originally A/C.6/65/L.6), adopted without vote: resolution 65/23; draft resolution IV (originally A/C.6/65/L.7), adopted without vote: resolution 65/24</subfield>
            <subfield code="z">I</subfield>
        </datafield>
        <datafield tag="991" ind1="1" ind2=" ">
            <subfield code="0">1221858</subfield>
            <subfield code="a">A/65/251</subfield>
            <subfield code="b">78</subfield>
            <subfield code="c">United Nations Programme of Assistance in the Teaching, Study, Dissemination and Wider Appreciation of International Law.</subfield>
            <subfield code="d">INTERNATIONAL LAW--TRAINING PROGRAMMES</subfield>
            <subfield code="e">At the 57th meeting, draft resolution in A/65/466 (originally A/C.6/65/L.16) was adopted without vote: resolution 65/25</subfield>
            <subfield code="z">I</subfield>
        </datafield>
        <datafield tag="991" ind1="1" ind2=" ">
            <subfield code="0">1221868</subfield>
            <subfield code="a">A/65/251</subfield>
            <subfield code="b">79</subfield>
            <subfield code="c">Report of the International Law Commission on the work of its 62nd session.</subfield>
            <subfield code="d">INTERNATIONAL LAW</subfield>
            <subfield code="e">At the 57th meeting, draft resolution in A/65/467 (originally A/C.6/65/L.20) was adopted without vote: resolution 65/26</subfield>
            <subfield code="z">I</subfield>
        </datafield>
        <datafield tag="991" ind1="1" ind2=" ">
            <subfield code="0">1221869</subfield>
            <subfield code="a">A/65/251</subfield>
            <subfield code="b">80</subfield>
            <subfield code="c">Diplomatic protection.</subfield>
            <subfield code="d">DIPLOMATIC PROTECTION</subfield>
            <subfield code="e">At the 57th meeting, draft resolution in A/65/468 (originally A/C.6/65/L.9) was adopted without vote: resolution 65/27</subfield>
            <subfield code="z">I</subfield>
        </datafield>
        <datafield tag="991" ind1="1" ind2=" ">
            <subfield code="0">1221870</subfield>
            <subfield code="a">A/65/251</subfield>
            <subfield code="b">81</subfield>
            <subfield code="c">Consideration of prevention of transboundary harm from hazardous activities and allocation of loss in the case of such harm.</subfield>
            <subfield code="d">ENVIRONMENTALLY HAZARDOUS ACTIVITIES</subfield>
            <subfield code="e">At the 57th meeting, draft resolution in A/65/469 (originally A/C.6/65/L.13) was adopted without vote: resolution 65/28</subfield>
            <subfield code="z">I</subfield>
        </datafield>
        <datafield tag="991" ind1="1" ind2=" ">
            <subfield code="0">1221871</subfield>
            <subfield code="a">A/65/251</subfield>
            <subfield code="b">82</subfield>
            <subfield code="c">Status of the Protocols Additional to the Geneva Convention of 1949 and relating to the protection of victims of armed conflicts.</subfield>
            <subfield code="d">HUMAN RIGHTS IN ARMED CONFLICTS</subfield>
            <subfield code="e">At the 57th meeting, draft resolution in A/65/470 (originally A/C.6/65/L.15) was adopted without vote: resolution 65/29</subfield>
            <subfield code="z">I</subfield>
        </datafield>
        <datafield tag="991" ind1="1" ind2=" ">
            <subfield code="0">1221872</subfield>
            <subfield code="a">A/65/251</subfield>
            <subfield code="b">83</subfield>
            <subfield code="c">Consideration of effective measures to enhance the protection, security and safety of diplomatic and consular missions and representatives.</subfield>
            <subfield code="d">DIPLOMATS' SECURITY</subfield>
            <subfield code="e">At the 57th meeting, draft resolution in A/65/471 (originally A/C.6/65/L.14) was adopted without vote: resolution 65/30</subfield>
            <subfield code="z">I</subfield>
        </datafield>
        <datafield tag="991" ind1="1" ind2=" ">
            <subfield code="0">1221873</subfield>
            <subfield code="a">A/65/251</subfield>
            <subfield code="b">84</subfield>
            <subfield code="c">Report of the Special Committee on the Charter of the United Nations and on the Strengthening of the Role of the Organization.</subfield>
            <subfield code="d">UN--CHARTER</subfield>
            <subfield code="e">At the 57th meeting, draft resolution in A/65/472 (originally A/C.6/65/L.12) was adopted without vote: resolution 65/31</subfield>
            <subfield code="z">I</subfield>
        </datafield>
        <datafield tag="991" ind1="1" ind2=" ">
            <subfield code="0">1221874</subfield>
            <subfield code="a">A/65/251</subfield>
            <subfield code="b">85</subfield>
            <subfield code="c">The rule of law at the national and international levels.</subfield>
            <subfield code="d">RULE OF LAW</subfield>
            <subfield code="e">At the 57th meeting, draft resolution in A/65/473 (originally A/C.6/65/L.17) was adopted without vote: resolution 65/32</subfield>
            <subfield code="z">I</subfield>
        </datafield>
        <datafield tag="991" ind1="1" ind2=" ">
            <subfield code="0">1221875</subfield>
            <subfield code="a">A/65/251</subfield>
            <subfield code="b">86</subfield>
            <subfield code="c">The scope and application of the principle of universal jurisdiction.</subfield>
            <subfield code="d">INTERNATIONAL JURISDICTION</subfield>
            <subfield code="e">At the 57th meeting, draft resolution in A/65/474 (originally A/C.6/65/L.18) was adopted without vote: resolution 65/33</subfield>
            <subfield code="z">I</subfield>
        </datafield>
        <datafield tag="991" ind1="1" ind2=" ">
            <subfield code="0">1221969</subfield>
            <subfield code="a">A/65/251</subfield>
            <subfield code="b">107</subfield>
            <subfield code="c">Measures to eliminate international terrorism.</subfield>
            <subfield code="d">TERRORISM</subfield>
            <subfield code="e">At the 57th meeting, draft resolution in A/65/475 (originally A/C.6/65/L.19) was adopted without vote: resolution 65/34</subfield>
            <subfield code="z">I</subfield>
        </datafield>
        <datafield tag="991" ind1="1" ind2=" ">
            <subfield code="0">1222010</subfield>
            <subfield code="a">A/65/251</subfield>
            <subfield code="b">118</subfield>
            <subfield code="c">Revitalization of the work of the General Assembly</subfield>
            <subfield code="d">UN. GENERAL ASSEMBLY--WORK PROGRAMME</subfield>
            <subfield code="e">At the 57th meeting, draft decision in A/65/476 (originally A/C.6/65/L.21) was adopted without vote: decision 65/511</subfield>
            <subfield code="z">I</subfield>
        </datafield>
        <datafield tag="991" ind1="1" ind2=" ">
            <subfield code="0">1222072</subfield>
            <subfield code="a">A/65/251</subfield>
            <subfield code="b">130</subfield>
            <subfield code="c">Programme planning.</subfield>
            <subfield code="d">UN--PROGRAMME PLANNING</subfield>
            <subfield code="e">At the 57th meeting, the Assembly took note of the report of the 6th Committee (A/65/477): decision 65/512</subfield>
            <subfield code="z">I</subfield>
        </datafield>
        <datafield tag="991" ind1="1" ind2=" ">
            <subfield code="0">1222089</subfield>
            <subfield code="a">A/65/251</subfield>
            <subfield code="b">140</subfield>
            <subfield code="c">Administration of justice at the United Nations.</subfield>
            <subfield code="d">ADMINISTRATION OF JUSTICE</subfield>
            <subfield code="e">At the 57th meeting, draft decision in A/65/478 (originally A/C.6/65/L.2) was adopted without vote: decision 65/513</subfield>
            <subfield code="z">I</subfield>
        </datafield>
        <datafield tag="991" ind1="1" ind2=" ">
            <subfield code="0">1222113</subfield>
            <subfield code="a">A/65/251</subfield>
            <subfield code="b">161</subfield>
            <subfield code="c">Report of the Committee on Relations with the Host Country.</subfield>
            <subfield code="d">UN--HOST COUNTRY RELATIONS</subfield>
            <subfield code="e">At the 57th meeting, draft resolution in A/65/479 (originally A/C.6/65/L.11) was adopted without vote: resolution 65/35</subfield>
            <subfield code="z">I</subfield>
        </datafield>
        <datafield tag="991" ind1="1" ind2=" ">
            <subfield code="0">1221512</subfield>
            <subfield code="a">A/65/251</subfield>
            <subfield code="b">68b</subfield>
            <subfield code="c">Human rights questions, including alternative approaches for improving the effective enjoyment of human rights and fundamental freedoms.</subfield>
            <subfield code="d">HUMAN RIGHTS ADVANCEMENT</subfield>
            <subfield code="e">At the 57th meeting, draft resolution in A/65/456/Add.2 (Part I) (originally A/C.3/65/L.33/Rev.1) was adopted without vote: resolution 65/36</subfield>
            <subfield code="z">I</subfield>
        </datafield>
        <datafield tag="992" ind1=" " ind2=" ">
            <subfield code="a">20101206</subfield>
        </datafield>
        <datafield tag="998" ind1=" " ind2=" ">
            <subfield code="a">20110426052100</subfield>
            <subfield code="b">bccat</subfield>
            <subfield code="c">20110602080700</subfield>
            <subfield code="d">amcat</subfield>
        </datafield>
        <datafield tag="999" ind1=" " ind2=" ">
            <subfield code="a">jmr20110428</subfield>
            <subfield code="b">20110428</subfield>
            <subfield code="c">r</subfield>
        </datafield>
        <datafield tag="999" ind1=" " ind2=" ">
            <subfield code="a">bcq20110426</subfield>
            <subfield code="b">20110426</subfield>
            <subfield code="c">q</subfield>
        </datafield>
        <datafield tag="999" ind1=" " ind2=" ">
            <subfield code="a">skic20110427</subfield>
            <subfield code="b">20110427</subfield>
            <subfield code="c">c</subfield>
        </datafield>
        <datafield tag="999" ind1=" " ind2=" ">
            <subfield code="a">vwt20110428</subfield>
            <subfield code="b">20110428</subfield>
            <subfield code="c">t</subfield>
        </datafield>
        <datafield tag="999" ind1=" " ind2=" ">
            <subfield code="a">vwu20110506</subfield>
            <subfield code="b">20110506</subfield>
            <subfield code="c">u</subfield>
        </datafield>
    </record>