

    
    <record>
        <controlfield tag="001">730980</controlfield>
        <controlfield tag="000">00000nam\\2200025#a\4500</controlfield>
        <controlfield tag="005">20170412204121.0</controlfield>
        <controlfield tag="008">120719s2011\\\\usa\\\\#r\\\\\|||1|\eng\d</controlfield>
        <datafield tag="029" ind1=" " ind2=" ">
            <subfield code="a">JN</subfield>
            <subfield code="b">N1165191 E</subfield>
        </datafield>
        <datafield tag="035" ind1=" " ind2=" ">
            <subfield code="a">D0390385</subfield>
        </datafield>
        <datafield tag="035" ind1=" " ind2=" ">
            <subfield code="a">(DHL)977922</subfield>
        </datafield>
        <datafield tag="039" ind1=" " ind2=" ">
            <subfield code="a">DHU</subfield>
        </datafield>
        <datafield tag="040" ind1=" " ind2=" ">
            <subfield code="a">NNUN</subfield>
            <subfield code="b">eng</subfield>
        </datafield>
        <datafield tag="041" ind1=" " ind2=" ">
            <subfield code="a">arachiengfrerusspa</subfield>
        </datafield>
        <datafield tag="049" ind1=" " ind2=" ">
            <subfield code="a">usa</subfield>
        </datafield>
        <datafield tag="089" ind1=" " ind2=" ">
            <subfield code="b">B03</subfield>
        </datafield>
        <datafield tag="089" ind1=" " ind2=" ">
            <subfield code="b">B07</subfield>
        </datafield>
        <datafield tag="091" ind1=" " ind2=" ">
            <subfield code="a">GEN</subfield>
        </datafield>
        <datafield tag="099" ind1=" " ind2=" ">
            <subfield code="a">UNH</subfield>
            <subfield code="b">DHU</subfield>
            <subfield code="c">A(01)/R3</subfield>
            <subfield code="q">A01R3</subfield>
        </datafield>
        <datafield tag="191" ind1=" " ind2=" ">
            <subfield code="0">1228994</subfield>
            <subfield code="9">G88</subfield>
            <subfield code="a">A/66/PV.93</subfield>
            <subfield code="b">A/</subfield>
            <subfield code="c">66</subfield>
            <subfield code="q">A66PV93</subfield>
            <subfield code="r">A66</subfield>
        </datafield>
        <datafield tag="245" ind1="1" ind2="0">
            <subfield code="a">General Assembly official records, 66th session :</subfield>
            <subfield code="b">93rd plenary meeting, Saturday, 24 December 2011, New York</subfield>
        </datafield>
        <datafield tag="260" ind1=" " ind2=" ">
            <subfield code="a">[New York] :</subfield>
            <subfield code="b">UN,</subfield>
            <subfield code="c">[2011]</subfield>
        </datafield>
        <datafield tag="269" ind1=" " ind2=" ">
            <subfield code="a">2011</subfield>
        </datafield>
        <datafield tag="300" ind1=" " ind2=" ">
            <subfield code="a">15 p.</subfield>
        </datafield>
        <datafield tag="495" ind1=" " ind2=" ">
            <subfield code="a">GAOR, 66th sess., Meeting records</subfield>
        </datafield>
        <datafield tag="610" ind1="2" ind2="7">
            <subfield code="0">954564</subfield>
            <subfield code="2">unbisn</subfield>
            <subfield code="a">UN. Board of Auditors</subfield>
            <subfield code="g">Recommendations</subfield>
        </datafield>
        <datafield tag="610" ind1="2" ind2="7">
            <subfield code="0">929085</subfield>
            <subfield code="2">unbisn</subfield>
            <subfield code="a">UN System</subfield>
            <subfield code="g">Personnel questions</subfield>
        </datafield>
        <datafield tag="610" ind1="2" ind2="7">
            <subfield code="0">1234227</subfield>
            <subfield code="2">unbisn</subfield>
            <subfield code="a">UN. Office of Internal Oversight Services</subfield>
            <subfield code="g">Activities (2010-2011)</subfield>
        </datafield>
        <datafield tag="610" ind1="2" ind2="7">
            <subfield code="0">1000285</subfield>
            <subfield code="2">unbisn</subfield>
            <subfield code="a">International Criminal Tribunal for Rwanda</subfield>
            <subfield code="g">Financing</subfield>
        </datafield>
        <datafield tag="610" ind1="2" ind2="7">
            <subfield code="0">998675</subfield>
            <subfield code="2">unbisn</subfield>
            <subfield code="a">International Tribunal for the Prosecution of Persons Responsible for Serious Violations of International Humanitarian Law Committed in the Territory of the Former Yugoslavia since 1991</subfield>
            <subfield code="g">Financing</subfield>
        </datafield>
        <datafield tag="610" ind1="2" ind2="7">
            <subfield code="0">1237142</subfield>
            <subfield code="2">unbisn</subfield>
            <subfield code="a">International Residual Mechanism for Criminal Tribunals</subfield>
            <subfield code="g">Financing</subfield>
        </datafield>
        <datafield tag="610" ind1="2" ind2="7">
            <subfield code="0">1235407</subfield>
            <subfield code="2">unbisn</subfield>
            <subfield code="a">UN Interim Security Force for Abyei</subfield>
            <subfield code="g">Financing</subfield>
        </datafield>
        <datafield tag="610" ind1="2" ind2="7">
            <subfield code="0">1143005</subfield>
            <subfield code="2">unbisn</subfield>
            <subfield code="a">UN Operation in Côte d'Ivoire</subfield>
            <subfield code="g">Financing</subfield>
        </datafield>
        <datafield tag="610" ind1="2" ind2="7">
            <subfield code="0">1233614</subfield>
            <subfield code="2">unbisn</subfield>
            <subfield code="a">UN Mission in South Sudan</subfield>
            <subfield code="g">Financing</subfield>
        </datafield>
        <datafield tag="610" ind1="2" ind2="7">
            <subfield code="0">1160408</subfield>
            <subfield code="2">unbisn</subfield>
            <subfield code="a">UN Mission in Sudan</subfield>
            <subfield code="g">Financing</subfield>
        </datafield>
        <datafield tag="610" ind1="2" ind2="7">
            <subfield code="0">1202937</subfield>
            <subfield code="2">unbisn</subfield>
            <subfield code="a">UN</subfield>
            <subfield code="g">Budget (2010-2011)</subfield>
        </datafield>
        <datafield tag="610" ind1="2" ind2="7">
            <subfield code="0">1209695</subfield>
            <subfield code="2">unbisn</subfield>
            <subfield code="a">UN</subfield>
            <subfield code="g">Budget (2012-2013)</subfield>
        </datafield>
        <datafield tag="610" ind1="2" ind2="7">
            <subfield code="0">1190367</subfield>
            <subfield code="2">unbisn</subfield>
            <subfield code="a">UN Office for Partnerships</subfield>
        </datafield>
        <datafield tag="610" ind1="2" ind2="7">
            <subfield code="0">1177331</subfield>
            <subfield code="2">unbisn</subfield>
            <subfield code="a">UN. General Assembly (66th sess. : 2011-2012)</subfield>
            <subfield code="g">Work organization</subfield>
        </datafield>
        <datafield tag="610" ind1="2" ind2="7">
            <subfield code="0">1151752</subfield>
            <subfield code="2">unbisn</subfield>
            <subfield code="a">UN Capital Master Plan</subfield>
        </datafield>
        <datafield tag="610" ind1="2" ind2="7">
            <subfield code="0">1232217</subfield>
            <subfield code="2">unbisn</subfield>
            <subfield code="a">UN Organization Stabilization Mission in the Democratic Republic of the Congo</subfield>
            <subfield code="g">Financing</subfield>
        </datafield>
        <datafield tag="610" ind1="2" ind2="7">
            <subfield code="0">1177331</subfield>
            <subfield code="2">unbisn</subfield>
            <subfield code="a">UN. General Assembly (66th sess. : 2011-2012)</subfield>
            <subfield code="g">Work organization</subfield>
        </datafield>
        <datafield tag="630" ind1="0" ind2="7">
            <subfield code="0">1125996</subfield>
            <subfield code="2">unbisn</subfield>
            <subfield code="a">Convention on the Rights of Persons with Disabilities (2006)</subfield>
        </datafield>
        <datafield tag="630" ind1="0" ind2="7">
            <subfield code="0">1181413</subfield>
            <subfield code="2">unbisn</subfield>
            <subfield code="a">Convention on the Rights of Persons with Disabilities (2006). Protocols, etc. (2006 Dec. 13)</subfield>
        </datafield>
        <datafield tag="630" ind1="0" ind2="7">
            <subfield code="0">869843</subfield>
            <subfield code="2">unbisn</subfield>
            <subfield code="a">UN Convention on the Law of the Sea (1982)</subfield>
        </datafield>
        <datafield tag="650" ind1="1" ind2="7">
            <subfield code="0">1280612</subfield>
            <subfield code="2">unbist</subfield>
            <subfield code="a">PERSONS WITH DISABILITIES</subfield>
        </datafield>
        <datafield tag="650" ind1="1" ind2="7">
            <subfield code="0">1281052</subfield>
            <subfield code="2">unbist</subfield>
            <subfield code="a">HUMAN RIGHTS</subfield>
        </datafield>
        <datafield tag="650" ind1="1" ind2="7">
            <subfield code="0">1278896</subfield>
            <subfield code="2">unbist</subfield>
            <subfield code="a">OCEANS</subfield>
        </datafield>
        <datafield tag="650" ind1="1" ind2="7">
            <subfield code="0">1278304</subfield>
            <subfield code="2">unbist</subfield>
            <subfield code="a">LAW OF THE SEA</subfield>
        </datafield>
        <datafield tag="650" ind1="2" ind2="7">
            <subfield code="0">1279405</subfield>
            <subfield code="2">unbist</subfield>
            <subfield code="a">FINANCIAL STATEMENTS</subfield>
        </datafield>
        <datafield tag="650" ind1="2" ind2="7">
            <subfield code="0">1282529</subfield>
            <subfield code="2">unbist</subfield>
            <subfield code="a">CONFERENCE AND MEETING SERVICES</subfield>
        </datafield>
        <datafield tag="650" ind1="2" ind2="7">
            <subfield code="0">1284437</subfield>
            <subfield code="2">unbist</subfield>
            <subfield code="a">INTERNAL OVERSIGHT</subfield>
        </datafield>
        <datafield tag="650" ind1="2" ind2="7">
            <subfield code="0">1278107</subfield>
            <subfield code="2">unbist</subfield>
            <subfield code="a">ADMINISTRATION OF JUSTICE</subfield>
        </datafield>
        <datafield tag="650" ind1="2" ind2="7">
            <subfield code="0">1277954</subfield>
            <subfield code="2">unbist</subfield>
            <subfield code="a">PEACEKEEPING OPERATIONS</subfield>
        </datafield>
        <datafield tag="651" ind1="1" ind2="7">
            <subfield code="0">1283735</subfield>
            <subfield code="2">unbist</subfield>
            <subfield code="a">MYANMAR</subfield>
        </datafield>
        <datafield tag="793" ind1=" " ind2=" ">
            <subfield code="a">PL</subfield>
        </datafield>
        <datafield tag="856" ind1="4" ind2=" ">
            <subfield code="s">292736</subfield>
            <subfield code="u">http://digitallibrary.un.org/record/730980/files/A_66_PV.93-AR.pdf</subfield>
            <subfield code="y">العربية</subfield>
        </datafield>
        <datafield tag="856" ind1="4" ind2=" ">
            <subfield code="s">316024</subfield>
            <subfield code="u">http://digitallibrary.un.org/record/730980/files/A_66_PV.93-ZH.pdf</subfield>
            <subfield code="y">中文</subfield>
        </datafield>
        <datafield tag="856" ind1="4" ind2=" ">
            <subfield code="s">886767</subfield>
            <subfield code="u">http://digitallibrary.un.org/record/730980/files/A_66_PV.93-EN.pdf</subfield>
            <subfield code="y">English</subfield>
        </datafield>
        <datafield tag="856" ind1="4" ind2=" ">
            <subfield code="s">186531</subfield>
            <subfield code="u">http://digitallibrary.un.org/record/730980/files/A_66_PV.93-FR.pdf</subfield>
            <subfield code="y">Français</subfield>
        </datafield>
        <datafield tag="856" ind1="4" ind2=" ">
            <subfield code="s">372473</subfield>
            <subfield code="u">http://digitallibrary.un.org/record/730980/files/A_66_PV.93-RU.pdf</subfield>
            <subfield code="y">Русский</subfield>
        </datafield>
        <datafield tag="856" ind1="4" ind2=" ">
            <subfield code="s">216773</subfield>
            <subfield code="u">http://digitallibrary.un.org/record/730980/files/A_66_PV.93-ES.pdf</subfield>
            <subfield code="y">Español</subfield>
        </datafield>
        <datafield tag="930" ind1=" " ind2=" ">
            <subfield code="a">UNDJL12</subfield>
        </datafield>
        <datafield tag="949" ind1=" " ind2=" ">
            <subfield code="9">A(01)/R3</subfield>
            <subfield code="b">10000000977922</subfield>
            <subfield code="c">c. 1</subfield>
            <subfield code="d">20120718200000</subfield>
            <subfield code="i">1859729</subfield>
            <subfield code="k">unes</subfield>
            <subfield code="l">DHL</subfield>
            <subfield code="m">14day</subfield>
            <subfield code="z">t</subfield>
        </datafield>
        <datafield tag="980" ind1=" " ind2=" ">
            <subfield code="a">BIB</subfield>
        </datafield>
        <datafield tag="989" ind1=" " ind2=" ">
            <subfield code="a">Documents and Publications</subfield>
            <subfield code="b">Meeting Records</subfield>
            <subfield code="c">Verbatim Records</subfield>
        </datafield>
        <datafield tag="991" ind1="1" ind2=" ">
            <subfield code="0">1230615</subfield>
            <subfield code="a">A/66/251</subfield>
            <subfield code="b">69a</subfield>
            <subfield code="c">Implementation of human rights instruments.</subfield>
            <subfield code="d">HUMAN RIGHTS--TREATIES--IMPLEMENTATION</subfield>
            <subfield code="z">I</subfield>
        </datafield>
        <datafield tag="991" ind1="1" ind2=" ">
            <subfield code="0">1234478</subfield>
            <subfield code="a">A/66/251</subfield>
            <subfield code="b">69a[5]</subfield>
            <subfield code="d">PERSONS WITH DISABILITIES--HUMAN RIGHTS</subfield>
            <subfield code="e">At the 93rd meeting, draft resolution IV (originally A/C.3/66/L.29/Rev.1) was adopted without vote: resolution 66/229</subfield>
            <subfield code="z">I</subfield>
        </datafield>
        <datafield tag="991" ind1="1" ind2=" ">
            <subfield code="0">1230617</subfield>
            <subfield code="a">A/66/251</subfield>
            <subfield code="b">69c</subfield>
            <subfield code="c">Human rights situations and reports of special rapporteurs and representatives.</subfield>
            <subfield code="d">HUMAN RIGHTS--REPORTS</subfield>
            <subfield code="z">I</subfield>
        </datafield>
        <datafield tag="991" ind1="1" ind2=" ">
            <subfield code="0">1234458</subfield>
            <subfield code="a">A/66/251</subfield>
            <subfield code="b">69c[5]</subfield>
            <subfield code="d">HUMAN RIGHTS--MYANMAR</subfield>
            <subfield code="e">At the 93rd meeting, draft resolution II (originally A/C.3/66/L.55/Rev.1) was adopted (83-21-39): resolution 66/230</subfield>
            <subfield code="z">I</subfield>
        </datafield>
        <datafield tag="991" ind1="1" ind2=" ">
            <subfield code="0">1230629</subfield>
            <subfield code="a">A/66/251</subfield>
            <subfield code="b">76a</subfield>
            <subfield code="c">Oceans and the law of the sea.</subfield>
            <subfield code="d">LAW OF THE SEA</subfield>
            <subfield code="e">At the 93rd meeting, draft resolution A/66/L.21 was adopted (134-1-6): resolution 66/231</subfield>
            <subfield code="z">I</subfield>
        </datafield>
        <datafield tag="991" ind1="1" ind2=" ">
            <subfield code="0">1230849</subfield>
            <subfield code="a">A/66/251</subfield>
            <subfield code="b">131</subfield>
            <subfield code="c">Financial reports and audited financial statements, and reports of the Board of Auditors.</subfield>
            <subfield code="d">UN--FINANCIAL REPORTS</subfield>
            <subfield code="e">At the 93rd meeting, draft resolution in A/66/626 (originally A/C.5/66/L.9) was adopted without vote: resolution 66/232 A</subfield>
            <subfield code="z">I</subfield>
        </datafield>
        <datafield tag="991" ind1="1" ind2=" ">
            <subfield code="0">1230858</subfield>
            <subfield code="a">A/66/251</subfield>
            <subfield code="b">137</subfield>
            <subfield code="c">Pattern of conferences.</subfield>
            <subfield code="d">UN--CALENDAR OF MEETINGS (2011-2012)</subfield>
            <subfield code="e">At the 93rd meeting, draft resolution in A/66/642 (originally A/C.5/66/L.25) was adopted without vote: resolution 66/233</subfield>
            <subfield code="z">I</subfield>
        </datafield>
        <datafield tag="991" ind1="1" ind2=" ">
            <subfield code="0">1230860</subfield>
            <subfield code="a">A/66/251</subfield>
            <subfield code="b">139</subfield>
            <subfield code="c">Human resources management.</subfield>
            <subfield code="d">UN--HUMAN RESOURCES MANAGEMENT</subfield>
            <subfield code="e">At the 93rd meeting, draft resolution in A/66/627 (originally A/C.5/66/L.4) was adopted without vote: resolution 66/234</subfield>
            <subfield code="z">I</subfield>
        </datafield>
        <datafield tag="991" ind1="1" ind2=" ">
            <subfield code="0">1230862</subfield>
            <subfield code="a">A/66/251</subfield>
            <subfield code="b">141</subfield>
            <subfield code="c">United Nations common system.</subfield>
            <subfield code="d">PERSONNEL QUESTIONS--UN SYSTEM</subfield>
            <subfield code="e">At the 93rd meeting, draft resolution in A/66/644 (originally A/C.5/66/L.27) was adopted without vote: resolution 66/235 A</subfield>
            <subfield code="z">I</subfield>
        </datafield>
        <datafield tag="991" ind1="1" ind2=" ">
            <subfield code="0">1230853</subfield>
            <subfield code="a">A/66/251</subfield>
            <subfield code="b">132</subfield>
            <subfield code="c">Review of the efficiency of the administrative and financial functioning of the United Nations.</subfield>
            <subfield code="d">UN--ADMINISTRATION</subfield>
            <subfield code="e">At the 93rd meeting, draft resolution in A/66/643 (originally A/C.5/66/L.26) was adopted without vote: resolution 66/236; at the same meeting, draft decision in A/66/638 (originally A/C.5/66/L.24) was adopted without vote: decision 66/556 A</subfield>
            <subfield code="z">I</subfield>
        </datafield>
        <datafield tag="991" ind1="1" ind2=" ">
            <subfield code="0">1230863</subfield>
            <subfield code="a">A/66/251</subfield>
            <subfield code="b">142</subfield>
            <subfield code="c">Report on the activities of the Office of Internal Oversight Services.</subfield>
            <subfield code="d">UN. OFFICE OF INTERNAL OVERSIGHT SERVICES--ACTIVITIES</subfield>
            <subfield code="e">At the 93rd meeting, draft resolution in A/66/643 (originally A/C.5/66/L.26) was adopted without vote: resolution 66/236</subfield>
            <subfield code="z">I</subfield>
        </datafield>
        <datafield tag="991" ind1="1" ind2=" ">
            <subfield code="0">1230864</subfield>
            <subfield code="a">A/66/251</subfield>
            <subfield code="b">143</subfield>
            <subfield code="c">Administration of justice at the United Nations.</subfield>
            <subfield code="d">ADMINISTRATION OF JUSTICE</subfield>
            <subfield code="e">At the 93rd meeting, draft resolution in A/66/628 (originally A/C.5/66/L.10) was adopted without vote: resolution 66/237</subfield>
            <subfield code="z">I</subfield>
        </datafield>
        <datafield tag="991" ind1="1" ind2=" ">
            <subfield code="0">1230865</subfield>
            <subfield code="a">A/66/251</subfield>
            <subfield code="b">144</subfield>
            <subfield code="c">Financing of the International Criminal Tribunal for the Prosecution of Persons Responsible for Genocide and Other Serious Violations of International Humanitarian Law Committed in the Territory of Rwanda and Rwandan Citizens Responsible for Genocide and Other Such Violations Committed in the Territory of Neighbouring States between 1 January and 31 December 1994.</subfield>
            <subfield code="d">INTERNATIONAL TRIBUNAL--RWANDA--FINANCING</subfield>
            <subfield code="e">At the 93rd meeting, draft resolution in A/66/629 (originally A/C.5/66/L.11) was adopted without vote: resolution 66/238; at the same meeting, draft resolution in A/66/631 (originally A/C.5/66/L.13) was adopted without vote: resolution 66/240 A</subfield>
            <subfield code="z">I</subfield>
        </datafield>
        <datafield tag="991" ind1="1" ind2=" ">
            <subfield code="0">1230866</subfield>
            <subfield code="a">A/66/251</subfield>
            <subfield code="b">145</subfield>
            <subfield code="c">Financing of the International Tribunal for the Prosecution of Persons Responsible for Serious Violations of International Humanitarian Law Committed in the Territory of the Former Yugoslavia since 1991.</subfield>
            <subfield code="d">INTERNATIONAL TRIBUNAL--FORMER YUGOSLAVIA--FINANCING</subfield>
            <subfield code="e">At the 93rd meeting, draft resolution in A/66/630 (originally A/C.5/66/L.12) was adopted without vote: resolution 66/239; at the same meeting, draft resolution in A/66/631 (originally A/C.5/66/L.13) was adopted without vote: resolution 66/240 A</subfield>
            <subfield code="z">I</subfield>
        </datafield>
        <datafield tag="991" ind1="1" ind2=" ">
            <subfield code="0">1233603</subfield>
            <subfield code="a">A/66/251</subfield>
            <subfield code="b">129</subfield>
            <subfield code="c">International Residual Mechanism for Criminal Tribunals.</subfield>
            <subfield code="d">INTERNATIONAL RESIDUAL MECHANISM FOR CRIMINAL TRIBUNALS</subfield>
            <subfield code="e">At the 93rd meeting, draft resolution in A/66/631 (originally A/C.5/66/L.13) was adopted without vote: resolution 66/240 A</subfield>
            <subfield code="z">I</subfield>
        </datafield>
        <datafield tag="991" ind1="1" ind2=" ">
            <subfield code="0">1235409</subfield>
            <subfield code="a">A/66/251</subfield>
            <subfield code="b">147</subfield>
            <subfield code="c">Financing of the United Nations Interim Security Force for Abyei.</subfield>
            <subfield code="d">UN SECURITY FORCE FOR ABYEI--FINANCING</subfield>
            <subfield code="e">At the 93rd meeting, draft resolution in A/66/632 (originally A/C.5/66/L.6) was adopted without vote: resolution 66/241 A</subfield>
            <subfield code="z">I</subfield>
        </datafield>
        <datafield tag="991" ind1="1" ind2=" ">
            <subfield code="0">1230869</subfield>
            <subfield code="a">A/66/251</subfield>
            <subfield code="b">149</subfield>
            <subfield code="c">Financing of the United Nations Operation in Côte d'Ivoire.</subfield>
            <subfield code="d">UN OPERATION IN CÔTE D'IVOIRE--FINANCING</subfield>
            <subfield code="e">At the 93rd meeting, draft resolution in A/66/633 (originally A/C.5/66/L.14) was adopted without vote: resolution 66/242 A</subfield>
            <subfield code="z">I</subfield>
        </datafield>
        <datafield tag="991" ind1="1" ind2=" ">
            <subfield code="0">1235410</subfield>
            <subfield code="a">A/66/251</subfield>
            <subfield code="b">161</subfield>
            <subfield code="c">Financing of the United Nations Mission in South Sudan.</subfield>
            <subfield code="d">UN MISSION IN SOUTH SUDAN--FINANCING</subfield>
            <subfield code="e">At the 93rd meeting, draft resolution in A/66/634 (originally A/C.5/66/L.15) was adopted without vote: resolution 66/243 A</subfield>
            <subfield code="z">I</subfield>
        </datafield>
        <datafield tag="991" ind1="1" ind2=" ">
            <subfield code="0">1230883</subfield>
            <subfield code="a">A/66/251</subfield>
            <subfield code="b">162</subfield>
            <subfield code="c">Financing of the United Nations Mission in the Sudan.</subfield>
            <subfield code="d">UN MISSION IN THE SUDAN--FINANCING</subfield>
            <subfield code="e">At the 93rd meeting, draft resolution in A/66/635 (originally A/C.5/66/L.16) was adopted without vote: resolution 66/244</subfield>
            <subfield code="z">I</subfield>
        </datafield>
        <datafield tag="991" ind1="1" ind2=" ">
            <subfield code="0">1230854</subfield>
            <subfield code="a">A/66/251</subfield>
            <subfield code="b">133</subfield>
            <subfield code="c">Programme budget for the biennium 2010-2011.</subfield>
            <subfield code="d">UN--BUDGET (2010-2011)</subfield>
            <subfield code="e">At the 93rd meeting, draft resolution in A/66/636 (originally A/C.5/66/L.17) was adopted without vote: resolution 66/245 A-B; at the same meeting, draft decision entitled "United Nations Office for Partnerships" was adopted without vote: decision 66/554</subfield>
            <subfield code="z">I</subfield>
        </datafield>
        <datafield tag="991" ind1="1" ind2=" ">
            <subfield code="0">1230855</subfield>
            <subfield code="a">A/66/251</subfield>
            <subfield code="b">134</subfield>
            <subfield code="c">Proposed programme budget for the biennium 2012-2013.</subfield>
            <subfield code="d">UN--BUDGET (2012-2013)</subfield>
            <subfield code="e">At the 93rd meeting, action on draft resolutions and draft decision in A/66/637 was as follows: draft resolution I (originally A/C.5/66/L.18), adopted without vote: resolution 66/246; draft resolution II (originally A/C.5/66/L.19), as a whole, adopted without vote: resolution 66/247; draft resolution III (originally A/C.5/66/L.20), adopted without vote: resolution 66/248 A-C; draft resolution IV (originally A/C.5/66/L.21), adopted without vote: resolution 66/249; draft resolution V (originally A/C.5/66/L.22), adopted without vote: resolution 66/250; draft decision A/C.5/66/L.8, adopted without vote: decision 66/555</subfield>
            <subfield code="z">I</subfield>
        </datafield>
        <datafield tag="991" ind1="1" ind2=" ">
            <subfield code="0">1230872</subfield>
            <subfield code="a">A/66/251</subfield>
            <subfield code="b">152</subfield>
            <subfield code="c">Financing of the United Nations Organization Stabilization Mission in the Democratic Republic of the Congo.</subfield>
            <subfield code="d">UN ORGANIZATION STABILIZATION MISSION IN THE DEMOCRATIC REPUBLIC OF THE CONGO--FINANCING</subfield>
            <subfield code="e">At the 93rd meeting, draft resolution in A/66/584 (originally A/C.5/66/L.5) was adopted without vote: resolution 66/251</subfield>
            <subfield code="z">I</subfield>
        </datafield>
        <datafield tag="991" ind1="1" ind2=" ">
            <subfield code="0">1230424</subfield>
            <subfield code="a">A/66/251</subfield>
            <subfield code="b">7</subfield>
            <subfield code="c">Organization of work, adoption of the agenda and allocation of items : reports of the General Committee.</subfield>
            <subfield code="d">UN. GENERAL ASSEMBLY (66TH SESS. : 2011-2012)--AGENDA</subfield>
            <subfield code="e">At the 93rd meeting, the Assembly took note of those items on the agenda that remain open for consideration during the 66th session of the Assembly: decision 66/557</subfield>
            <subfield code="z">I</subfield>
        </datafield>
        <datafield tag="992" ind1=" " ind2=" ">
            <subfield code="a">20111224</subfield>
        </datafield>
        <datafield tag="998" ind1=" " ind2=" ">
            <subfield code="a">20120719095700</subfield>
            <subfield code="b">kroy</subfield>
            <subfield code="c">20160728064800</subfield>
            <subfield code="d">shkcat</subfield>
        </datafield>
        <datafield tag="999" ind1=" " ind2=" ">
            <subfield code="a">jmc20120727</subfield>
            <subfield code="b">20120727</subfield>
            <subfield code="c">c</subfield>
        </datafield>
        <datafield tag="999" ind1=" " ind2=" ">
            <subfield code="a">slr20120730</subfield>
            <subfield code="b">20120730</subfield>
            <subfield code="c">r</subfield>
        </datafield>
        <datafield tag="999" ind1=" " ind2=" ">
            <subfield code="a">krq20120719</subfield>
            <subfield code="b">20120719</subfield>
            <subfield code="c">q</subfield>
        </datafield>
        <datafield tag="999" ind1=" " ind2=" ">
            <subfield code="a">vwt20120809</subfield>
            <subfield code="b">20120809</subfield>
            <subfield code="c">t</subfield>
        </datafield>
        <datafield tag="999" ind1=" " ind2=" ">
            <subfield code="a">vwu20130123</subfield>
            <subfield code="b">20130123</subfield>
            <subfield code="c">u</subfield>
        </datafield>
        <datafield tag="999" ind1=" " ind2=" ">
            <subfield code="a">vwu20130125</subfield>
            <subfield code="b">20130125</subfield>
            <subfield code="c">u</subfield>
        </datafield>
        <datafield tag="999" ind1=" " ind2=" ">
            <subfield code="a">vwu20130129</subfield>
            <subfield code="b">20130129</subfield>
            <subfield code="c">u</subfield>
        </datafield>
    </record>