

    
    <record>
        <controlfield tag="001">730711</controlfield>
        <controlfield tag="000">00000nam\\2200025#a\4500</controlfield>
        <controlfield tag="005">20170412204605.0</controlfield>
        <controlfield tag="008">120717s2011\\\\usa\\\\#r\\\\\|||1|\eng\d</controlfield>
        <datafield tag="029" ind1=" " ind2=" ">
            <subfield code="a">JN</subfield>
            <subfield code="b">N1163192 E</subfield>
        </datafield>
        <datafield tag="035" ind1=" " ind2=" ">
            <subfield code="a">D0390327</subfield>
        </datafield>
        <datafield tag="035" ind1=" " ind2=" ">
            <subfield code="a">(DHL)977617</subfield>
        </datafield>
        <datafield tag="039" ind1=" " ind2=" ">
            <subfield code="a">DHU</subfield>
        </datafield>
        <datafield tag="040" ind1=" " ind2=" ">
            <subfield code="a">NNUN</subfield>
            <subfield code="b">eng</subfield>
        </datafield>
        <datafield tag="041" ind1=" " ind2=" ">
            <subfield code="a">arachiengfrerusspa</subfield>
        </datafield>
        <datafield tag="049" ind1=" " ind2=" ">
            <subfield code="a">usa</subfield>
        </datafield>
        <datafield tag="089" ind1=" " ind2=" ">
            <subfield code="b">B03</subfield>
        </datafield>
        <datafield tag="089" ind1=" " ind2=" ">
            <subfield code="b">B07</subfield>
        </datafield>
        <datafield tag="091" ind1=" " ind2=" ">
            <subfield code="a">GEN</subfield>
        </datafield>
        <datafield tag="099" ind1=" " ind2=" ">
            <subfield code="a">UNH</subfield>
            <subfield code="b">DHU</subfield>
            <subfield code="c">A(01)/R3</subfield>
            <subfield code="q">A01R3</subfield>
        </datafield>
        <datafield tag="191" ind1=" " ind2=" ">
            <subfield code="0">1228994</subfield>
            <subfield code="9">G88</subfield>
            <subfield code="a">A/66/PV.83</subfield>
            <subfield code="b">A/</subfield>
            <subfield code="c">66</subfield>
            <subfield code="q">A66PV83</subfield>
            <subfield code="r">A66</subfield>
        </datafield>
        <datafield tag="245" ind1="1" ind2="0">
            <subfield code="a">General Assembly official records, 66th session :</subfield>
            <subfield code="b">83rd plenary meeting, Monday, 12 December 2011, New York</subfield>
        </datafield>
        <datafield tag="260" ind1=" " ind2=" ">
            <subfield code="a">[New York] :</subfield>
            <subfield code="b">UN,</subfield>
            <subfield code="c">[2011]</subfield>
        </datafield>
        <datafield tag="269" ind1=" " ind2=" ">
            <subfield code="a">2011</subfield>
        </datafield>
        <datafield tag="300" ind1=" " ind2=" ">
            <subfield code="a">21 p.</subfield>
        </datafield>
        <datafield tag="495" ind1=" " ind2=" ">
            <subfield code="a">GAOR, 66th sess., Meeting records</subfield>
        </datafield>
        <datafield tag="610" ind1="2" ind2="7">
            <subfield code="0">864706</subfield>
            <subfield code="2">unbisn</subfield>
            <subfield code="a">Unesco</subfield>
        </datafield>
        <datafield tag="610" ind1="2" ind2="7">
            <subfield code="0">1219008</subfield>
            <subfield code="2">unbisn</subfield>
            <subfield code="a">UN Trust Fund for Partnerships - Permanent Memorial</subfield>
        </datafield>
        <datafield tag="610" ind1="2" ind2="7">
            <subfield code="0">865402</subfield>
            <subfield code="2">unbisn</subfield>
            <subfield code="a">UN. Department of Public Information</subfield>
        </datafield>
        <datafield tag="610" ind1="2" ind2="7">
            <subfield code="0">940746</subfield>
            <subfield code="2">unbisn</subfield>
            <subfield code="a">UNEP. Governing Council</subfield>
            <subfield code="g">Members</subfield>
        </datafield>
        <datafield tag="610" ind1="2" ind2="7">
            <subfield code="0">1169817</subfield>
            <subfield code="2">unbisn</subfield>
            <subfield code="a">UN. Peacebuilding Commission. Organizational Committee</subfield>
            <subfield code="g">Members</subfield>
        </datafield>
        <datafield tag="610" ind1="0" ind2="4">
            <subfield code="0">944423</subfield>
            <subfield code="2">unbisn</subfield>
            <subfield code="a">UN. Committee on Conferences</subfield>
            <subfield code="g">Members</subfield>
        </datafield>
        <datafield tag="610" ind1="2" ind2="7">
            <subfield code="0">1222172</subfield>
            <subfield code="2">unbisn</subfield>
            <subfield code="a">UN. Permanent Memorial Committee to Honour the Victims of Slavery and the Transatlantic Slave Trade</subfield>
        </datafield>
        <datafield tag="610" ind1="2" ind2="7">
            <subfield code="0">864706</subfield>
            <subfield code="2">unbisn</subfield>
            <subfield code="a">Unesco</subfield>
        </datafield>
        <datafield tag="630" ind1="0" ind2="7">
            <subfield code="0">1203665</subfield>
            <subfield code="2">unbisn</subfield>
            <subfield code="a">International Day of Remembrance of the Victims of Slavery and the Transatlantic Slave Trade (25 Mar.)</subfield>
        </datafield>
        <datafield tag="630" ind1="0" ind2="7">
            <subfield code="0">1047138</subfield>
            <subfield code="2">unbisn</subfield>
            <subfield code="a">Programme of Action on a Culture of Peace (1999)</subfield>
        </datafield>
        <datafield tag="650" ind1="1" ind2="7">
            <subfield code="0">1280484</subfield>
            <subfield code="2">unbist</subfield>
            <subfield code="a">HEALTH POLICY</subfield>
        </datafield>
        <datafield tag="650" ind1="1" ind2="7">
            <subfield code="0">1283960</subfield>
            <subfield code="2">unbist</subfield>
            <subfield code="a">FOREIGN POLICY</subfield>
        </datafield>
        <datafield tag="650" ind1="1" ind2="7">
            <subfield code="0">1284290</subfield>
            <subfield code="2">unbist</subfield>
            <subfield code="a">MEMORIALS</subfield>
        </datafield>
        <datafield tag="650" ind1="1" ind2="7">
            <subfield code="0">1281065</subfield>
            <subfield code="2">unbist</subfield>
            <subfield code="a">SLAVERY</subfield>
        </datafield>
        <datafield tag="650" ind1="1" ind2="7">
            <subfield code="0">1277934</subfield>
            <subfield code="2">unbist</subfield>
            <subfield code="a">PEACE</subfield>
        </datafield>
        <datafield tag="650" ind1="2" ind2="7">
            <subfield code="0">1283255</subfield>
            <subfield code="2">unbist</subfield>
            <subfield code="a">ELECTION OF MEMBERS</subfield>
        </datafield>
        <datafield tag="650" ind1="2" ind2="7">
            <subfield code="0">1282729</subfield>
            <subfield code="2">unbist</subfield>
            <subfield code="a">EDUCATION FOR PEACE</subfield>
        </datafield>
        <datafield tag="650" ind1="2" ind2="7">
            <subfield code="0">1283235</subfield>
            <subfield code="2">unbist</subfield>
            <subfield code="a">BUDGET CONTRIBUTIONS</subfield>
        </datafield>
        <datafield tag="793" ind1=" " ind2=" ">
            <subfield code="a">PL</subfield>
        </datafield>
        <datafield tag="856" ind1="4" ind2=" ">
            <subfield code="s">387346</subfield>
            <subfield code="u">http://digitallibrary.un.org/record/730711/files/A_66_PV.83-AR.pdf</subfield>
            <subfield code="y">العربية</subfield>
        </datafield>
        <datafield tag="856" ind1="4" ind2=" ">
            <subfield code="s">374197</subfield>
            <subfield code="u">http://digitallibrary.un.org/record/730711/files/A_66_PV.83-ZH.pdf</subfield>
            <subfield code="y">中文</subfield>
        </datafield>
        <datafield tag="856" ind1="4" ind2=" ">
            <subfield code="s">127957</subfield>
            <subfield code="u">http://digitallibrary.un.org/record/730711/files/A_66_PV.83-EN.pdf</subfield>
            <subfield code="y">English</subfield>
        </datafield>
        <datafield tag="856" ind1="4" ind2=" ">
            <subfield code="s">177422</subfield>
            <subfield code="u">http://digitallibrary.un.org/record/730711/files/A_66_PV.83-FR.pdf</subfield>
            <subfield code="y">Français</subfield>
        </datafield>
        <datafield tag="856" ind1="4" ind2=" ">
            <subfield code="s">475697</subfield>
            <subfield code="u">http://digitallibrary.un.org/record/730711/files/A_66_PV.83-RU.pdf</subfield>
            <subfield code="y">Русский</subfield>
        </datafield>
        <datafield tag="856" ind1="4" ind2=" ">
            <subfield code="s">255739</subfield>
            <subfield code="u">http://digitallibrary.un.org/record/730711/files/A_66_PV.83-ES.pdf</subfield>
            <subfield code="y">Español</subfield>
        </datafield>
        <datafield tag="930" ind1=" " ind2=" ">
            <subfield code="a">UNDJL12</subfield>
        </datafield>
        <datafield tag="949" ind1=" " ind2=" ">
            <subfield code="9">A(01)/R3</subfield>
            <subfield code="b">10000000977617</subfield>
            <subfield code="c">c. 1</subfield>
            <subfield code="d">20120716200000</subfield>
            <subfield code="i">1859472</subfield>
            <subfield code="k">unes</subfield>
            <subfield code="l">DHL</subfield>
            <subfield code="m">14day</subfield>
            <subfield code="z">t</subfield>
        </datafield>
        <datafield tag="980" ind1=" " ind2=" ">
            <subfield code="a">BIB</subfield>
        </datafield>
        <datafield tag="989" ind1=" " ind2=" ">
            <subfield code="a">Documents and Publications</subfield>
            <subfield code="b">Meeting Records</subfield>
            <subfield code="c">Verbatim Records</subfield>
        </datafield>
        <datafield tag="991" ind1="1" ind2=" ">
            <subfield code="0">1230735</subfield>
            <subfield code="a">A/66/251</subfield>
            <subfield code="b">114c</subfield>
            <subfield code="c">Election of 29 members of the Governing Council of the United Nations Environment Programme.</subfield>
            <subfield code="d">UNEP. GOVERNING COUNCIL--MEMBERS</subfield>
            <subfield code="e">At the 83rd meeting, Fiji was elected as a member of the Governing Council of the United Nations Environment Programme for a 4-year term of office beginning on 1 Jan. 2012: decision 66/412</subfield>
            <subfield code="z">I</subfield>
        </datafield>
        <datafield tag="991" ind1="1" ind2=" ">
            <subfield code="0">1230737</subfield>
            <subfield code="a">A/66/251</subfield>
            <subfield code="b">114d</subfield>
            <subfield code="c">Election of 2 members of the Organizational Committee of the Peacebuilding Commission.</subfield>
            <subfield code="d">UN. PEACEBUILDING COMMISSION. ORGANIZATIONAL COMMITTEE--MEMBERS</subfield>
            <subfield code="e">At the 83rd meeting, Croatia and El Salvador were elected as members of the Organizational Committee of the Peacebuilding Commission for a 2-year term of office beginning on 1 Jan. 2012: decision 66/415</subfield>
            <subfield code="z">I</subfield>
        </datafield>
        <datafield tag="991" ind1="1" ind2=" ">
            <subfield code="0">1230823</subfield>
            <subfield code="a">A/66/251</subfield>
            <subfield code="b">115f</subfield>
            <subfield code="c">Appointment of members of the Committee on Conferences.</subfield>
            <subfield code="d">UN. COMMITTEE ON CONFERENCES--MEMBERS</subfield>
            <subfield code="e">At the 83rd meeting, Philippines was elected as a member of the Committee on Conferences for a 3-year term of office beginning on 1 Jan. 2012: decision 66/414 A</subfield>
            <subfield code="z">I</subfield>
        </datafield>
        <datafield tag="991" ind1="1" ind2=" ">
            <subfield code="0">1230835</subfield>
            <subfield code="a">A/66/251</subfield>
            <subfield code="b">119</subfield>
            <subfield code="c">Follow-up to the commemoration of the 200th anniversary of the abolition of the transatlantic slave trade.</subfield>
            <subfield code="d">SLAVERY--ANNIVERSARY (200TH)</subfield>
            <subfield code="e">At the 83rd meeting, draft resolution A/66/L.25 was adopted without vote: resolution 66/114</subfield>
            <subfield code="z">I</subfield>
        </datafield>
        <datafield tag="991" ind1="1" ind2=" ">
            <subfield code="0">1230842</subfield>
            <subfield code="a">A/66/251</subfield>
            <subfield code="b">126</subfield>
            <subfield code="c">Global health and foreign policy.</subfield>
            <subfield code="d">HEALTH</subfield>
            <subfield code="e">At the 83rd meeting, draft resolution A/66/L.24 was adopted without vote: resolution 66/115</subfield>
            <subfield code="z">I</subfield>
        </datafield>
        <datafield tag="991" ind1="1" ind2=" ">
            <subfield code="0">1230433</subfield>
            <subfield code="a">A/66/251</subfield>
            <subfield code="b">15</subfield>
            <subfield code="c">Culture of peace.</subfield>
            <subfield code="d">PEACE</subfield>
            <subfield code="e">At the 83rd meeting, draft resolution A/66/L.23 was adopted without vote: resolution 66/116</subfield>
            <subfield code="z">I</subfield>
        </datafield>
        <datafield tag="991" ind1="1" ind2=" ">
            <subfield code="0">1230424</subfield>
            <subfield code="a">A/66/251</subfield>
            <subfield code="b">7</subfield>
            <subfield code="c">Organization of work, adoption of the agenda and allocation of items : reports of the General Committee.</subfield>
            <subfield code="d">UN. GENERAL ASSEMBLY (66TH SESS. : 2011-2012)--AGENDA</subfield>
            <subfield code="e">At the 83rd meeting, the Assembly decided to extend the date of recess of the General Assembly session to 22 Dec. 2011: decision 66/502</subfield>
            <subfield code="z">I</subfield>
        </datafield>
        <datafield tag="992" ind1=" " ind2=" ">
            <subfield code="a">20111212</subfield>
        </datafield>
        <datafield tag="998" ind1=" " ind2=" ">
            <subfield code="a">20120717053000</subfield>
            <subfield code="b">kroy</subfield>
            <subfield code="c">20130624054000</subfield>
            <subfield code="d">amcat</subfield>
        </datafield>
        <datafield tag="999" ind1=" " ind2=" ">
            <subfield code="a">kakc20120717</subfield>
            <subfield code="b">20120717</subfield>
            <subfield code="c">c</subfield>
        </datafield>
        <datafield tag="999" ind1=" " ind2=" ">
            <subfield code="a">slr20120803</subfield>
            <subfield code="b">20120803</subfield>
            <subfield code="c">r</subfield>
        </datafield>
        <datafield tag="999" ind1=" " ind2=" ">
            <subfield code="a">krq20120717</subfield>
            <subfield code="b">20120717</subfield>
            <subfield code="c">q</subfield>
        </datafield>
        <datafield tag="999" ind1=" " ind2=" ">
            <subfield code="a">vwt20120809</subfield>
            <subfield code="b">20120809</subfield>
            <subfield code="c">t</subfield>
        </datafield>
        <datafield tag="999" ind1=" " ind2=" ">
            <subfield code="a">vwu20130123</subfield>
            <subfield code="b">20130123</subfield>
            <subfield code="c">u</subfield>
        </datafield>
        <datafield tag="999" ind1=" " ind2=" ">
            <subfield code="a">vwu20130129</subfield>
            <subfield code="b">20130129</subfield>
            <subfield code="c">u</subfield>
        </datafield>
    </record>