

    
    <record>
        <controlfield tag="001">730697</controlfield>
        <controlfield tag="000">00000nam\\2200025#a\4500</controlfield>
        <controlfield tag="005">20170412204116.0</controlfield>
        <controlfield tag="008">120717s2011\\\\usa\\\\#r\\\\\|||1|\eng\d</controlfield>
        <datafield tag="029" ind1=" " ind2=" ">
            <subfield code="a">JN</subfield>
            <subfield code="b">N1163078 E</subfield>
        </datafield>
        <datafield tag="035" ind1=" " ind2=" ">
            <subfield code="a">D0390328</subfield>
        </datafield>
        <datafield tag="035" ind1=" " ind2=" ">
            <subfield code="a">(DHL)977602</subfield>
        </datafield>
        <datafield tag="039" ind1=" " ind2=" ">
            <subfield code="a">DHU</subfield>
        </datafield>
        <datafield tag="040" ind1=" " ind2=" ">
            <subfield code="a">NNUN</subfield>
            <subfield code="b">eng</subfield>
        </datafield>
        <datafield tag="041" ind1=" " ind2=" ">
            <subfield code="a">arachiengfrerusspa</subfield>
        </datafield>
        <datafield tag="049" ind1=" " ind2=" ">
            <subfield code="a">usa</subfield>
        </datafield>
        <datafield tag="089" ind1=" " ind2=" ">
            <subfield code="b">B03</subfield>
        </datafield>
        <datafield tag="089" ind1=" " ind2=" ">
            <subfield code="b">B07</subfield>
        </datafield>
        <datafield tag="091" ind1=" " ind2=" ">
            <subfield code="a">GEN</subfield>
        </datafield>
        <datafield tag="099" ind1=" " ind2=" ">
            <subfield code="a">UNH</subfield>
            <subfield code="b">DHU</subfield>
            <subfield code="c">A(01)/R3</subfield>
            <subfield code="q">A01R3</subfield>
        </datafield>
        <datafield tag="191" ind1=" " ind2=" ">
            <subfield code="0">1228994</subfield>
            <subfield code="9">G88</subfield>
            <subfield code="a">A/66/PV.81</subfield>
            <subfield code="b">A/</subfield>
            <subfield code="c">66</subfield>
            <subfield code="q">A66PV81</subfield>
            <subfield code="r">A66</subfield>
        </datafield>
        <datafield tag="245" ind1="1" ind2="0">
            <subfield code="a">General Assembly official records, 66th session :</subfield>
            <subfield code="b">81st plenary meeting, Friday, 9 December 2011, New York</subfield>
        </datafield>
        <datafield tag="260" ind1=" " ind2=" ">
            <subfield code="a">[New York] :</subfield>
            <subfield code="b">UN,</subfield>
            <subfield code="c">[2011]</subfield>
        </datafield>
        <datafield tag="269" ind1=" " ind2=" ">
            <subfield code="a">2011</subfield>
        </datafield>
        <datafield tag="300" ind1=" " ind2=" ">
            <subfield code="a">17 p.</subfield>
        </datafield>
        <datafield tag="495" ind1=" " ind2=" ">
            <subfield code="a">GAOR, 66th sess., Meeting records</subfield>
        </datafield>
        <datafield tag="610" ind1="2" ind2="7">
            <subfield code="0">866633</subfield>
            <subfield code="2">unbisn</subfield>
            <subfield code="a">UNRWA</subfield>
        </datafield>
        <datafield tag="610" ind1="2" ind2="7">
            <subfield code="0">872230</subfield>
            <subfield code="2">unbisn</subfield>
            <subfield code="a">UN. Special Committee to Investigate Israeli Practices affecting the Human Rights of the Palestinian People and Other Arabs of the Occupied Territories</subfield>
        </datafield>
        <datafield tag="610" ind1="2" ind2="7">
            <subfield code="0">1236167</subfield>
            <subfield code="2">unbisn</subfield>
            <subfield code="a">UN. General Assembly (67th sess. : 2012-2013). Special Political and Decolonization Committee (4th Committee)</subfield>
            <subfield code="g">Work organization</subfield>
        </datafield>
        <datafield tag="650" ind1="1" ind2="7">
            <subfield code="0">1284129</subfield>
            <subfield code="2">unbist</subfield>
            <subfield code="a">MINE CLEARANCE</subfield>
        </datafield>
        <datafield tag="650" ind1="1" ind2="7">
            <subfield code="0">1282055</subfield>
            <subfield code="2">unbist</subfield>
            <subfield code="a">OUTER SPACE</subfield>
        </datafield>
        <datafield tag="650" ind1="1" ind2="7">
            <subfield code="0">1280973</subfield>
            <subfield code="2">unbist</subfield>
            <subfield code="a">PALESTINE REFUGEES</subfield>
        </datafield>
        <datafield tag="650" ind1="1" ind2="7">
            <subfield code="0">1278082</subfield>
            <subfield code="2">unbist</subfield>
            <subfield code="a">PALESTINE QUESTION</subfield>
        </datafield>
        <datafield tag="650" ind1="1" ind2="7">
            <subfield code="0">1278084</subfield>
            <subfield code="2">unbist</subfield>
            <subfield code="a">TERRITORIES OCCUPIED BY ISRAEL</subfield>
        </datafield>
        <datafield tag="650" ind1="2" ind2="7">
            <subfield code="0">1281611</subfield>
            <subfield code="2">unbist</subfield>
            <subfield code="a">PUBLIC INFORMATION</subfield>
        </datafield>
        <datafield tag="650" ind1="2" ind2="7">
            <subfield code="0">1278061</subfield>
            <subfield code="2">unbist</subfield>
            <subfield code="a">NON-SELF-GOVERNING TERRITORIES</subfield>
        </datafield>
        <datafield tag="650" ind1="2" ind2="7">
            <subfield code="0">1278057</subfield>
            <subfield code="2">unbist</subfield>
            <subfield code="a">DECOLONIZATION</subfield>
        </datafield>
        <datafield tag="793" ind1=" " ind2=" ">
            <subfield code="a">PL</subfield>
        </datafield>
        <datafield tag="856" ind1="4" ind2=" ">
            <subfield code="s">303341</subfield>
            <subfield code="u">http://digitallibrary.un.org/record/730697/files/A_66_PV.81-AR.pdf</subfield>
            <subfield code="y">العربية</subfield>
        </datafield>
        <datafield tag="856" ind1="4" ind2=" ">
            <subfield code="s">272817</subfield>
            <subfield code="u">http://digitallibrary.un.org/record/730697/files/A_66_PV.81-ZH.pdf</subfield>
            <subfield code="y">中文</subfield>
        </datafield>
        <datafield tag="856" ind1="4" ind2=" ">
            <subfield code="s">107123</subfield>
            <subfield code="u">http://digitallibrary.un.org/record/730697/files/A_66_PV.81-EN.pdf</subfield>
            <subfield code="y">English</subfield>
        </datafield>
        <datafield tag="856" ind1="4" ind2=" ">
            <subfield code="s">116824</subfield>
            <subfield code="u">http://digitallibrary.un.org/record/730697/files/A_66_PV.81-FR.pdf</subfield>
            <subfield code="y">Français</subfield>
        </datafield>
        <datafield tag="856" ind1="4" ind2=" ">
            <subfield code="s">397473</subfield>
            <subfield code="u">http://digitallibrary.un.org/record/730697/files/A_66_PV.81-RU.pdf</subfield>
            <subfield code="y">Русский</subfield>
        </datafield>
        <datafield tag="856" ind1="4" ind2=" ">
            <subfield code="s">216798</subfield>
            <subfield code="u">http://digitallibrary.un.org/record/730697/files/A_66_PV.81-ES.pdf</subfield>
            <subfield code="y">Español</subfield>
        </datafield>
        <datafield tag="930" ind1=" " ind2=" ">
            <subfield code="a">UNDJL12</subfield>
        </datafield>
        <datafield tag="949" ind1=" " ind2=" ">
            <subfield code="9">A(01)/R3</subfield>
            <subfield code="b">10000000977602</subfield>
            <subfield code="c">c. 1</subfield>
            <subfield code="d">20120716200000</subfield>
            <subfield code="i">1859459</subfield>
            <subfield code="k">unes</subfield>
            <subfield code="l">DHL</subfield>
            <subfield code="m">14day</subfield>
            <subfield code="z">t</subfield>
        </datafield>
        <datafield tag="980" ind1=" " ind2=" ">
            <subfield code="a">BIB</subfield>
        </datafield>
        <datafield tag="989" ind1=" " ind2=" ">
            <subfield code="a">Documents and Publications</subfield>
            <subfield code="b">Meeting Records</subfield>
            <subfield code="c">Verbatim Records</subfield>
        </datafield>
        <datafield tag="991" ind1="1" ind2=" ">
            <subfield code="0">1230586</subfield>
            <subfield code="a">A/66/251</subfield>
            <subfield code="b">49</subfield>
            <subfield code="c">Assistance in mine action.</subfield>
            <subfield code="d">MINE CLEARANCE</subfield>
            <subfield code="e">At the 81st meeting, draft resolution in A/66/423 (originally A/C.4/66/L.6) was adopted without vote: resolution 66/69</subfield>
            <subfield code="z">I</subfield>
        </datafield>
        <datafield tag="991" ind1="1" ind2=" ">
            <subfield code="0">1230587</subfield>
            <subfield code="a">A/66/251</subfield>
            <subfield code="b">50</subfield>
            <subfield code="c">Effects of atomic radiation.</subfield>
            <subfield code="d">RADIATION EFFECTS</subfield>
            <subfield code="e">At the 81st meeting, draft resolution in A/66/424 (originally A/C.4/66/L.7) was adopted without vote: resolution 66/70</subfield>
            <subfield code="z">I</subfield>
        </datafield>
        <datafield tag="991" ind1="1" ind2=" ">
            <subfield code="0">1230588</subfield>
            <subfield code="a">A/66/251</subfield>
            <subfield code="b">51</subfield>
            <subfield code="c">International cooperation in the peaceful uses of outer space.</subfield>
            <subfield code="d">OUTER SPACE--PEACEFUL USES--INTERNATIONAL COOPERATION</subfield>
            <subfield code="e">At the 81st meeting, draft resolution in A/66/425 (originally A/C.4/66/L.2/Rev.1) was adopted without vote: resolution 66/71</subfield>
            <subfield code="z">I</subfield>
        </datafield>
        <datafield tag="991" ind1="1" ind2=" ">
            <subfield code="0">1230589</subfield>
            <subfield code="a">A/66/251</subfield>
            <subfield code="b">52</subfield>
            <subfield code="c">United Nations Relief and Works Agency for Palestine Refugees in the Near East.</subfield>
            <subfield code="d">UNRWA--ACTIVITIES</subfield>
            <subfield code="e">At the 81st meeting, action on draft resolutions in A/66/426 was as follows: draft resolution I (originally A/C.4/66/L.9), adopted (160-1-8): resolution 66/72; draft resolution II (originally A/C.4/66/L.10), adopted (163-7-3): resolution 66/73; draft resolution III (originally A/C.4/66/L.11), adopted (165-7-2): resolution 66/74; draft resolution IV (originally A/C.4/66/L.12), adopted (165-7-2): resolution 66/75</subfield>
            <subfield code="z">I</subfield>
        </datafield>
        <datafield tag="991" ind1="1" ind2=" ">
            <subfield code="0">1230590</subfield>
            <subfield code="a">A/66/251</subfield>
            <subfield code="b">53</subfield>
            <subfield code="c">Report of the Special Committee to Investigate Israeli Practices Affecting the Human Rights of the Palestinian People and Other Arabs of the Occupied Territories.</subfield>
            <subfield code="d">TERRITORIES OCCUPIED BY ISRAEL--HUMAN RIGHTS</subfield>
            <subfield code="e">At the 81st meeting, action on draft resolutions in A/66/427 was as follows: draft resolution I (originally A/C.4/66/L.13), adopted (86-9-75): resolution 66/76; draft resolution II (originally A/C.4/66/L.14), adopted (164-7-2): resolution 66/77; draft resolution III (originally A/C.4/66/L.15), adopted (162-7-4): resolution 66/78; draft resolution IV (originally A/C.4/66/L.16), adopted (159-9-4): resolution 66/79; draft resolution V (originally A/C.4/66/L.17), adopted (162-1-11): resolution 66/80</subfield>
            <subfield code="z">I</subfield>
        </datafield>
        <datafield tag="991" ind1="1" ind2=" ">
            <subfield code="0">1230591</subfield>
            <subfield code="a">A/66/251</subfield>
            <subfield code="b">54</subfield>
            <subfield code="c">Comprehensive review of the whole question of peacekeeping operations in all their aspects.</subfield>
            <subfield code="d">PEACEKEEPING OPERATIONS</subfield>
            <subfield code="e">At the 81st meeting, the Assembly took note of the report of the Special Political and Decolonization Committee (4th Committee) (A/66/428): decision 66/521</subfield>
            <subfield code="z">I</subfield>
        </datafield>
        <datafield tag="991" ind1="1" ind2=" ">
            <subfield code="0">1230592</subfield>
            <subfield code="a">A/66/251</subfield>
            <subfield code="b">55</subfield>
            <subfield code="c">Questions relating to information.</subfield>
            <subfield code="d">INFORMATION</subfield>
            <subfield code="e">At the 81st meeting, action on draft resolutions in A/66/429 was as follows: draft resolution A entitled "Information in the service of humanity", adopted without vote: resolution 66/81A; draft resolution B entitled "United Nations public information policies and activities", adopted without vote: resolution 66/81 B</subfield>
            <subfield code="z">I</subfield>
        </datafield>
        <datafield tag="991" ind1="1" ind2=" ">
            <subfield code="0">1230593</subfield>
            <subfield code="a">A/66/251</subfield>
            <subfield code="b">56</subfield>
            <subfield code="c">Information from Non-Self-Governing Territories transmitted under Article 73 e of the Charter of the United Nations.</subfield>
            <subfield code="d">NON-SELF-GOVERNING TERRITORIES--REPORTS</subfield>
            <subfield code="e">At the 81st meeting, draft resolution in A/66/430 entitled "Information from Non-Self-Governing Territories transmitted under Article 73e of the Charter of the United Nations" was adopted (170-0-4): resolution 66/82</subfield>
            <subfield code="z">I</subfield>
        </datafield>
        <datafield tag="991" ind1="1" ind2=" ">
            <subfield code="0">1230594</subfield>
            <subfield code="a">A/66/251</subfield>
            <subfield code="b">57</subfield>
            <subfield code="c">Economic and other activities which affect the interests of the peoples of the Non-Self-Governing Territories.</subfield>
            <subfield code="d">NON-SELF-GOVERNING TERRITORIES--ECONOMIC INTERESTS</subfield>
            <subfield code="e">At the 81st meeting, draft resolution in A/66/431 entitled "Economic and other activities which affect the interests of the peoples of the Non-Self-Governing Territories" was adopted (170-2-2): resolution 66/83</subfield>
            <subfield code="z">I</subfield>
        </datafield>
        <datafield tag="991" ind1="1" ind2=" ">
            <subfield code="0">1230595</subfield>
            <subfield code="a">A/66/251</subfield>
            <subfield code="b">58</subfield>
            <subfield code="c">Implementation of the Declaration on the Granting of Independence to Colonial Countries and Peoples by the specialized agencies and the international institutions associated with the United Nations.</subfield>
            <subfield code="d">DECOLONIZATION--UN SYSTEM</subfield>
            <subfield code="e">At the 81st meeting, draft resolution in A/66/432 entitled "Implementation of the Declaration on the Granting of Independence to Colonial Countries and Peoples by the specialized agencies and the international institutions associated with the United Nations" was adopted (115-0-56): resolution 66/84</subfield>
            <subfield code="z">I</subfield>
        </datafield>
        <datafield tag="991" ind1="1" ind2=" ">
            <subfield code="0">1230596</subfield>
            <subfield code="a">A/66/251</subfield>
            <subfield code="b">59</subfield>
            <subfield code="c">Offers by Member States of study and training facilities for inhabitants of Non-Self-Governing Territories.</subfield>
            <subfield code="d">NON-SELF-GOVERNING TERRITORIES--FELLOWSHIPS</subfield>
            <subfield code="e">At the 81st meeting, draft resolution in A/66/433 (originally A/C.4/66/L.3) was adopted without vote: resolution 66/85</subfield>
            <subfield code="z">I</subfield>
        </datafield>
        <datafield tag="991" ind1="1" ind2=" ">
            <subfield code="0">1230597</subfield>
            <subfield code="a">A/66/251</subfield>
            <subfield code="b">60</subfield>
            <subfield code="c">Implementation of the Declaration on the Granting of Independence to Colonial Countries and Peoples.</subfield>
            <subfield code="d">DECOLONIZATION</subfield>
            <subfield code="e">At the 81st meeting, action on draft resolutions in A/66/434 was as follows: draft resolution IV entitled "Questions of American Samoa, Anguilla, Bermuda, the British Virgin Islands, the Cayman Islands, Guam, Montserrat, Pitcairn, Saint Helena, the Turks and Caicos Islands and the United States Virgin Islands", adopted without vote: resolution 66/89 A-B; draft resolution V entitled "Dissemination of information on decolonization", adopted (166-3-2): resolution 66/90; draft resolution VI entitled "Implementation of the Declaration on the Granting of Independence to Colonial Countries and Peoples", adopted (168-3-1): resolution 66/91</subfield>
            <subfield code="z">I</subfield>
        </datafield>
        <datafield tag="991" ind1="1" ind2=" ">
            <subfield code="0">1233778</subfield>
            <subfield code="a">A/66/251</subfield>
            <subfield code="b">60[1]</subfield>
            <subfield code="d">AMERICAN SAMOA QUESTION</subfield>
            <subfield code="e">At the 81st meeting, draft resolution IV in A/66/434 entitled "Questions of American Samoa, Anguilla, Bermuda, the British Virgin Islands, the Cayman Islands, Guam, Montserrat, Pitcairn, Saint Helena, the Turks and Caicos Islands and the United States Virgin Islands" was adopted without vote: resolution 66/89 A-B</subfield>
            <subfield code="z">I</subfield>
        </datafield>
        <datafield tag="991" ind1="1" ind2=" ">
            <subfield code="0">1233771</subfield>
            <subfield code="a">A/66/251</subfield>
            <subfield code="b">60[2]</subfield>
            <subfield code="d">ANGUILLA QUESTION</subfield>
            <subfield code="e">At the 81st meeting, draft resolution IV in A/66/434 entitled "Questions of American Samoa, Anguilla, Bermuda, the British Virgin Islands, the Cayman Islands, Guam, Montserrat, Pitcairn, Saint Helena, the Turks and Caicos Islands and the United States Virgin Islands" was adopted without vote: resolution 66/89 A-B</subfield>
            <subfield code="z">I</subfield>
        </datafield>
        <datafield tag="991" ind1="1" ind2=" ">
            <subfield code="0">1233764</subfield>
            <subfield code="a">A/66/251</subfield>
            <subfield code="b">60[3]</subfield>
            <subfield code="d">BERMUDA QUESTION</subfield>
            <subfield code="e">At the 81st meeting, draft resolution IV in A/66/434 entitled "Questions of American Samoa, Anguilla, Bermuda, the British Virgin Islands, the Cayman Islands, Guam, Montserrat, Pitcairn, Saint Helena, the Turks and Caicos Islands and the United States Virgin Islands" was adopted without vote: resolution 66/89 A-B</subfield>
            <subfield code="z">I</subfield>
        </datafield>
        <datafield tag="991" ind1="1" ind2=" ">
            <subfield code="0">1233765</subfield>
            <subfield code="a">A/66/251</subfield>
            <subfield code="b">60[4]</subfield>
            <subfield code="d">BRITISH VIRGIN ISLANDS QUESTION</subfield>
            <subfield code="e">At the 81st meeting, draft resolution IV in A/66/434 entitled "Questions of American Samoa, Anguilla, Bermuda, the British Virgin Islands, the Cayman Islands, Guam, Montserrat, Pitcairn, Saint Helena, the Turks and Caicos Islands and the United States Virgin Islands" was adopted without vote: resolution 66/89 A-B</subfield>
            <subfield code="z">I</subfield>
        </datafield>
        <datafield tag="991" ind1="1" ind2=" ">
            <subfield code="0">1233766</subfield>
            <subfield code="a">A/66/251</subfield>
            <subfield code="b">60[5]</subfield>
            <subfield code="d">CAYMAN ISLANDS QUESTION</subfield>
            <subfield code="e">At the 81st meeting, draft resolution IV in A/66/434 entitled "Questions of American Samoa, Anguilla, Bermuda, the British Virgin Islands, the Cayman Islands, Guam, Montserrat, Pitcairn, Saint Helena, the Turks and Caicos Islands and the United States Virgin Islands" was adopted without vote: resolution 66/89 A-B</subfield>
            <subfield code="z">I</subfield>
        </datafield>
        <datafield tag="991" ind1="1" ind2=" ">
            <subfield code="0">1233767</subfield>
            <subfield code="a">A/66/251</subfield>
            <subfield code="b">60[6]</subfield>
            <subfield code="d">GIBRALTAR QUESTION</subfield>
            <subfield code="e">At the 81st meeting, draft decision in A/66/434 (originally A/C.4/66/L.4) was adopted without vote: decision 66/522</subfield>
            <subfield code="z">I</subfield>
        </datafield>
        <datafield tag="991" ind1="1" ind2=" ">
            <subfield code="0">1233768</subfield>
            <subfield code="a">A/66/251</subfield>
            <subfield code="b">60[7]</subfield>
            <subfield code="d">GUAM QUESTION</subfield>
            <subfield code="e">At the 81st meeting, draft resolution IV in A/66/434 entitled "Questions of American Samoa, Anguilla, Bermuda, the British Virgin Islands, the Cayman Islands, Guam, Montserrat, Pitcairn, Saint Helena, the Turks and Caicos Islands and the United States Virgin Islands" was adopted without vote: resolution 66/89 A-B</subfield>
            <subfield code="z">I</subfield>
        </datafield>
        <datafield tag="991" ind1="1" ind2=" ">
            <subfield code="0">1233769</subfield>
            <subfield code="a">A/66/251</subfield>
            <subfield code="b">60[8]</subfield>
            <subfield code="d">MONTSERRAT QUESTION</subfield>
            <subfield code="e">At the 81st meeting, draft resolution IV in A/66/434 entitled "Questions of American Samoa, Anguilla, Bermuda, the British Virgin Islands, the Cayman Islands, Guam, Montserrat, Pitcairn, Saint Helena, the Turks and Caicos Islands and the United States Virgin Islands" was adopted without vote: resolution 66/89 A-B</subfield>
            <subfield code="z">I</subfield>
        </datafield>
        <datafield tag="991" ind1="1" ind2=" ">
            <subfield code="0">1233770</subfield>
            <subfield code="a">A/66/251</subfield>
            <subfield code="b">60[9]</subfield>
            <subfield code="d">NEW CALEDONIA QUESTION</subfield>
            <subfield code="e">At the 81st meeting, draft resolution II in A/66/434 entitled "Question of New Caledonia" was adopted without vote: resolution 66/87</subfield>
            <subfield code="z">I</subfield>
        </datafield>
        <datafield tag="991" ind1="1" ind2=" ">
            <subfield code="0">1233777</subfield>
            <subfield code="a">A/66/251</subfield>
            <subfield code="b">60[10]</subfield>
            <subfield code="d">PITCAIRN QUESTION</subfield>
            <subfield code="e">At the 81st meeting, draft resolution IV in A/66/434 entitled "Questions of American Samoa, Anguilla, Bermuda, the British Virgin Islands, the Cayman Islands, Guam, Montserrat, Pitcairn, Saint Helena, the Turks and Caicos Islands and the United States Virgin Islands" was adopted without vote: resolution 66/89 A-B</subfield>
            <subfield code="z">I</subfield>
        </datafield>
        <datafield tag="991" ind1="1" ind2=" ">
            <subfield code="0">1233776</subfield>
            <subfield code="a">A/66/251</subfield>
            <subfield code="b">60[11]</subfield>
            <subfield code="d">SAINT HELENA QUESTION</subfield>
            <subfield code="e">At the 81st meeting, draft resolution IV in A/66/434 entitled "Questions of American Samoa, Anguilla, Bermuda, the British Virgin Islands, the Cayman Islands, Guam, Montserrat, Pitcairn, Saint Helena, the Turks and Caicos Islands and the United States Virgin Islands" was adopted without vote: resolution 66/89 A-B</subfield>
            <subfield code="z">I</subfield>
        </datafield>
        <datafield tag="991" ind1="1" ind2=" ">
            <subfield code="0">1233775</subfield>
            <subfield code="a">A/66/251</subfield>
            <subfield code="b">60[12]</subfield>
            <subfield code="d">TOKELAU QUESTION</subfield>
            <subfield code="e">At the 81st meeting, draft resolution III in A/66/434 entitled "Question of Tokelau" was adopted without vote: resolution 66/88</subfield>
            <subfield code="z">I</subfield>
        </datafield>
        <datafield tag="991" ind1="1" ind2=" ">
            <subfield code="0">1233774</subfield>
            <subfield code="a">A/66/251</subfield>
            <subfield code="b">60[13]</subfield>
            <subfield code="d">TURKS AND CAICOS ISLANDS QUESTION</subfield>
            <subfield code="e">At the 81st meeting, draft resolution IV in A/66/434 entitled "Questions of American Samoa, Anguilla, Bermuda, the British Virgin Islands, the Cayman Islands, Guam, Montserrat, Pitcairn, Saint Helena, the Turks and Caicos Islands and the United States Virgin Islands" was adopted without vote: resolution 66/89 A-B</subfield>
            <subfield code="z">I</subfield>
        </datafield>
        <datafield tag="991" ind1="1" ind2=" ">
            <subfield code="0">1233773</subfield>
            <subfield code="a">A/66/251</subfield>
            <subfield code="b">60[14]</subfield>
            <subfield code="d">UNITED STATES VIRGIN ISLANDS QUESTION</subfield>
            <subfield code="e">At the 81st meeting, draft resolution IV in A/66/434 entitled "Questions of American Samoa, Anguilla, Bermuda, the British Virgin Islands, the Cayman Islands, Guam, Montserrat, Pitcairn, Saint Helena, the Turks and Caicos Islands and the United States Virgin Islands" was adopted without vote: resolution 66/89 A-B</subfield>
            <subfield code="z">I</subfield>
        </datafield>
        <datafield tag="991" ind1="1" ind2=" ">
            <subfield code="0">1233772</subfield>
            <subfield code="a">A/66/251</subfield>
            <subfield code="b">60[15]</subfield>
            <subfield code="d">WESTERN SAHARA QUESTION</subfield>
            <subfield code="e">At the 81st meeting, draft resolution I in A/66/434 (originally A/C.4/66/L.5) was adopted without vote: resolution 66/86</subfield>
            <subfield code="z">I</subfield>
        </datafield>
        <datafield tag="991" ind1="1" ind2=" ">
            <subfield code="0">1230837</subfield>
            <subfield code="a">A/66/251</subfield>
            <subfield code="b">121</subfield>
            <subfield code="c">Revitalization of the work of the General Assembly.</subfield>
            <subfield code="d">UN. GENERAL ASSEMBLY--WORK PROGRAMME</subfield>
            <subfield code="e">At the 81st meeting, draft decision in A/66/435 (originally A/C.4/66/L.8) was adopted without vote: decision 66/523</subfield>
            <subfield code="z">I</subfield>
        </datafield>
        <datafield tag="991" ind1="1" ind2=" ">
            <subfield code="0">1230856</subfield>
            <subfield code="a">A/66/251</subfield>
            <subfield code="b">135</subfield>
            <subfield code="c">Programme planning.</subfield>
            <subfield code="d">UN--PROGRAMME PLANNING</subfield>
            <subfield code="e">At the 81st meeting, the Assembly took note of the report of the Special Political and Decolonization Committee (4th Committee) (A/66/436): decision 66/524</subfield>
            <subfield code="z">I</subfield>
        </datafield>
        <datafield tag="992" ind1=" " ind2=" ">
            <subfield code="a">20111209</subfield>
        </datafield>
        <datafield tag="998" ind1=" " ind2=" ">
            <subfield code="a">20120717052200</subfield>
            <subfield code="b">mlcat</subfield>
            <subfield code="c">20151210040100</subfield>
            <subfield code="d">mhref</subfield>
        </datafield>
        <datafield tag="999" ind1=" " ind2=" ">
            <subfield code="a">jmu20120727</subfield>
            <subfield code="b">20120727</subfield>
            <subfield code="c">u</subfield>
        </datafield>
        <datafield tag="999" ind1=" " ind2=" ">
            <subfield code="a">slr20120730</subfield>
            <subfield code="b">20120730</subfield>
            <subfield code="c">r</subfield>
        </datafield>
        <datafield tag="999" ind1=" " ind2=" ">
            <subfield code="a">jmc20120720</subfield>
            <subfield code="b">20120720</subfield>
            <subfield code="c">c</subfield>
        </datafield>
        <datafield tag="999" ind1=" " ind2=" ">
            <subfield code="a">mleq20120717</subfield>
            <subfield code="b">20120717</subfield>
            <subfield code="c">q</subfield>
        </datafield>
        <datafield tag="999" ind1=" " ind2=" ">
            <subfield code="a">vwt20120808</subfield>
            <subfield code="b">20120808</subfield>
            <subfield code="c">t</subfield>
        </datafield>
        <datafield tag="999" ind1=" " ind2=" ">
            <subfield code="a">vwu20130125</subfield>
            <subfield code="b">20130125</subfield>
            <subfield code="c">u</subfield>
        </datafield>
    </record>