

    
    <record>
        <controlfield tag="001">710829</controlfield>
        <controlfield tag="000">00000nam\\2200025#a\4500</controlfield>
        <controlfield tag="005">20170412204504.0</controlfield>
        <controlfield tag="008">110919s2011\\\\usa\\\\#r\\\\\|||1|\eng\d</controlfield>
        <datafield tag="029" ind1=" " ind2=" ">
            <subfield code="a">JN</subfield>
            <subfield code="b">N1139617 E</subfield>
        </datafield>
        <datafield tag="035" ind1=" " ind2=" ">
            <subfield code="a">D0382413</subfield>
        </datafield>
        <datafield tag="035" ind1=" " ind2=" ">
            <subfield code="a">(DHL)955334</subfield>
        </datafield>
        <datafield tag="039" ind1=" " ind2=" ">
            <subfield code="a">DHU</subfield>
        </datafield>
        <datafield tag="040" ind1=" " ind2=" ">
            <subfield code="a">NNUN</subfield>
            <subfield code="b">eng</subfield>
        </datafield>
        <datafield tag="041" ind1=" " ind2=" ">
            <subfield code="a">arachiengfrerusspa</subfield>
        </datafield>
        <datafield tag="049" ind1=" " ind2=" ">
            <subfield code="a">usa</subfield>
        </datafield>
        <datafield tag="089" ind1=" " ind2=" ">
            <subfield code="b">B03</subfield>
        </datafield>
        <datafield tag="089" ind1=" " ind2=" ">
            <subfield code="b">B07</subfield>
        </datafield>
        <datafield tag="091" ind1=" " ind2=" ">
            <subfield code="a">GEN</subfield>
        </datafield>
        <datafield tag="099" ind1=" " ind2=" ">
            <subfield code="a">UNH</subfield>
            <subfield code="b">DHU</subfield>
            <subfield code="c">A(01)/R3</subfield>
            <subfield code="q">A01R3</subfield>
        </datafield>
        <datafield tag="191" ind1=" " ind2=" ">
            <subfield code="0">1221254</subfield>
            <subfield code="9">G88</subfield>
            <subfield code="a">A/65/PV.106</subfield>
            <subfield code="b">A/</subfield>
            <subfield code="c">65</subfield>
            <subfield code="q">A65PV106</subfield>
            <subfield code="r">A65</subfield>
        </datafield>
        <datafield tag="245" ind1="1" ind2="0">
            <subfield code="a">General Assembly official records, 65th session :</subfield>
            <subfield code="b">106th plenary meeting, Thursday, 30 June 2011, New York</subfield>
        </datafield>
        <datafield tag="260" ind1=" " ind2=" ">
            <subfield code="a">[New York] :</subfield>
            <subfield code="b">UN,</subfield>
            <subfield code="c">[2011]</subfield>
        </datafield>
        <datafield tag="269" ind1=" " ind2=" ">
            <subfield code="a">2011</subfield>
        </datafield>
        <datafield tag="300" ind1=" " ind2=" ">
            <subfield code="a">11 p.</subfield>
        </datafield>
        <datafield tag="495" ind1=" " ind2=" ">
            <subfield code="a">GAOR, 65th sess., Meeting records</subfield>
        </datafield>
        <datafield tag="610" ind1="2" ind2="7">
            <subfield code="0">865266</subfield>
            <subfield code="2">unbisn</subfield>
            <subfield code="a">UN Interim Force in Lebanon</subfield>
        </datafield>
        <datafield tag="650" ind1="1" ind2="7">
            <subfield code="0">1277956</subfield>
            <subfield code="2">unbist</subfield>
            <subfield code="a">SPECIAL MISSIONS</subfield>
        </datafield>
        <datafield tag="650" ind1="1" ind2="7">
            <subfield code="0">1277954</subfield>
            <subfield code="2">unbist</subfield>
            <subfield code="a">PEACEKEEPING OPERATIONS</subfield>
        </datafield>
        <datafield tag="650" ind1="1" ind2="7">
            <subfield code="0">1278475</subfield>
            <subfield code="2">unbist</subfield>
            <subfield code="a">PROGRAMME BUDGETING</subfield>
        </datafield>
        <datafield tag="650" ind1="1" ind2="7">
            <subfield code="0">1282543</subfield>
            <subfield code="2">unbist</subfield>
            <subfield code="a">FINANCING</subfield>
        </datafield>
        <datafield tag="793" ind1=" " ind2=" ">
            <subfield code="a">PL</subfield>
        </datafield>
        <datafield tag="856" ind1="4" ind2=" ">
            <subfield code="s">223407</subfield>
            <subfield code="u">http://digitallibrary.un.org/record/710829/files/A_65_PV.106-AR.pdf</subfield>
            <subfield code="y">العربية</subfield>
        </datafield>
        <datafield tag="856" ind1="4" ind2=" ">
            <subfield code="s">316153</subfield>
            <subfield code="u">http://digitallibrary.un.org/record/710829/files/A_65_PV.106-ZH.pdf</subfield>
            <subfield code="y">中文</subfield>
        </datafield>
        <datafield tag="856" ind1="4" ind2=" ">
            <subfield code="s">69282</subfield>
            <subfield code="u">http://digitallibrary.un.org/record/710829/files/A_65_PV.106-EN.pdf</subfield>
            <subfield code="y">English</subfield>
        </datafield>
        <datafield tag="856" ind1="4" ind2=" ">
            <subfield code="s">82486</subfield>
            <subfield code="u">http://digitallibrary.un.org/record/710829/files/A_65_PV.106-FR.pdf</subfield>
            <subfield code="y">Français</subfield>
        </datafield>
        <datafield tag="856" ind1="4" ind2=" ">
            <subfield code="s">291620</subfield>
            <subfield code="u">http://digitallibrary.un.org/record/710829/files/A_65_PV.106-RU.pdf</subfield>
            <subfield code="y">Русский</subfield>
        </datafield>
        <datafield tag="856" ind1="4" ind2=" ">
            <subfield code="s">80151</subfield>
            <subfield code="u">http://digitallibrary.un.org/record/710829/files/A_65_PV.106-ES.pdf</subfield>
            <subfield code="y">Español</subfield>
        </datafield>
        <datafield tag="930" ind1=" " ind2=" ">
            <subfield code="a">UNDSE11</subfield>
        </datafield>
        <datafield tag="949" ind1=" " ind2=" ">
            <subfield code="9">A(01)/R3</subfield>
            <subfield code="b">1802684.5.1</subfield>
            <subfield code="c">c. 1</subfield>
            <subfield code="d">20110918200000</subfield>
            <subfield code="i">1802684</subfield>
            <subfield code="k">unss</subfield>
            <subfield code="l">DHL</subfield>
            <subfield code="m">14day</subfield>
            <subfield code="z">t</subfield>
        </datafield>
        <datafield tag="949" ind1=" " ind2=" ">
            <subfield code="9">A(01)/R3</subfield>
            <subfield code="b">1802680.1.1</subfield>
            <subfield code="c">c. 1</subfield>
            <subfield code="d">20110918200000</subfield>
            <subfield code="i">1802680</subfield>
            <subfield code="k">unas</subfield>
            <subfield code="l">DHL</subfield>
            <subfield code="m">14day</subfield>
            <subfield code="z">t</subfield>
        </datafield>
        <datafield tag="949" ind1=" " ind2=" ">
            <subfield code="9">A(01)/R3</subfield>
            <subfield code="b">1802683.4.1</subfield>
            <subfield code="c">c. 1</subfield>
            <subfield code="d">20110918200000</subfield>
            <subfield code="i">1802683</subfield>
            <subfield code="k">unrs</subfield>
            <subfield code="l">DHL</subfield>
            <subfield code="m">14day</subfield>
            <subfield code="z">t</subfield>
        </datafield>
        <datafield tag="949" ind1=" " ind2=" ">
            <subfield code="9">A(01)/R3</subfield>
            <subfield code="b">1802682.3.1</subfield>
            <subfield code="c">c. 1</subfield>
            <subfield code="d">20110918200000</subfield>
            <subfield code="i">1802682</subfield>
            <subfield code="k">unfs</subfield>
            <subfield code="l">DHL</subfield>
            <subfield code="m">14day</subfield>
            <subfield code="z">t</subfield>
        </datafield>
        <datafield tag="949" ind1=" " ind2=" ">
            <subfield code="9">A(01)/R3</subfield>
            <subfield code="b">10000000955334</subfield>
            <subfield code="c">c. 1</subfield>
            <subfield code="d">20110918200000</subfield>
            <subfield code="i">1802679</subfield>
            <subfield code="k">unes</subfield>
            <subfield code="l">DHL</subfield>
            <subfield code="m">14day</subfield>
            <subfield code="z">t</subfield>
        </datafield>
        <datafield tag="949" ind1=" " ind2=" ">
            <subfield code="9">A(01)/R3</subfield>
            <subfield code="b">1802681.2.1</subfield>
            <subfield code="c">c. 1</subfield>
            <subfield code="d">20110918200000</subfield>
            <subfield code="i">1802681</subfield>
            <subfield code="k">uncs</subfield>
            <subfield code="l">DHL</subfield>
            <subfield code="m">14day</subfield>
            <subfield code="z">t</subfield>
        </datafield>
        <datafield tag="980" ind1=" " ind2=" ">
            <subfield code="a">BIB</subfield>
        </datafield>
        <datafield tag="989" ind1=" " ind2=" ">
            <subfield code="a">Documents and Publications</subfield>
            <subfield code="b">Meeting Records</subfield>
            <subfield code="c">Verbatim Records</subfield>
        </datafield>
        <datafield tag="991" ind1="1" ind2=" ">
            <subfield code="0">1221282</subfield>
            <subfield code="a">A/65/251</subfield>
            <subfield code="b">7</subfield>
            <subfield code="c">Organization of work, adoption of the agenda and allocation of items : reports of the General Committee.</subfield>
            <subfield code="d">UN. GENERAL ASSEMBLY (65TH SESS. : 2010-2011)--AGENDA</subfield>
            <subfield code="e">At the 106th meeting, the Assembly decided to reopen consideration of sub-item (a) of agenda item 113 and to consider it directly in plenary meeting: decision 65/503 B</subfield>
            <subfield code="z">I</subfield>
        </datafield>
        <datafield tag="991" ind1="1" ind2=" ">
            <subfield code="0">1221991</subfield>
            <subfield code="a">A/65/251</subfield>
            <subfield code="b">113a</subfield>
            <subfield code="c">Appointment of members of the Advisory Committee on Administrative and Budgetary Questions.</subfield>
            <subfield code="d">UN. ADVISORY COMMITTEE ON ADMINISTRATIVE AND BUDGETARY QUESTIONS--MEMBERS</subfield>
            <subfield code="e">At the 106th meeting, David Traystman (United States) was appointed as a member of the Advisory Committee on Administrative and Budgetary Questions for a term of office beginning on 23 July and ending on 31 Dec. 2011: decision 65/406 B</subfield>
            <subfield code="z">I</subfield>
        </datafield>
        <datafield tag="991" ind1="1" ind2=" ">
            <subfield code="0">1222048</subfield>
            <subfield code="a">A/65/251</subfield>
            <subfield code="b">127</subfield>
            <subfield code="c">Financial reports and audited financial statements, and reports of the Board of Auditors.</subfield>
            <subfield code="d">UN--FINANCIAL REPORTS</subfield>
            <subfield code="e">At the 106th meeting, draft resolution in A/65/594/Add.1 (originally A/C.5/65/L.31) was adopted without vote: resolution 65/243 B</subfield>
            <subfield code="z">I</subfield>
        </datafield>
        <datafield tag="991" ind1="1" ind2=" ">
            <subfield code="0">1222071</subfield>
            <subfield code="a">A/65/251</subfield>
            <subfield code="b">129</subfield>
            <subfield code="c">Programme budget for the biennium 2010-2011.</subfield>
            <subfield code="d">UN--BUDGET (2010-2011)</subfield>
            <subfield code="e">At the 106th meeting, draft resolution in A/65/646/Add.3 (originally A/C.5/65/L.36) was adopted without vote: resolution 65/288</subfield>
            <subfield code="z">I</subfield>
        </datafield>
        <datafield tag="991" ind1="1" ind2=" ">
            <subfield code="0">1222092</subfield>
            <subfield code="a">A/65/251</subfield>
            <subfield code="b">143</subfield>
            <subfield code="c">Administrative and budgetary aspects of the financing of the United Nations peacekeeping operations.</subfield>
            <subfield code="d">PEACEKEEPING OPERATIONS--FINANCING</subfield>
            <subfield code="e">At the 106th meeting, action on draft resolutions in A/65/890 was as follows: draft resolution I (originally A/C.5/65/L.53), adopted without vote: resolution 65/289; draft resolution II (originally A/C.5/65/L.50), adopted without vote: resolution 65/290; draft resolution III (originally A/C.5/65/L.51), adopted without vote: resolution 65/291; draft resolution IV (originally A/C.5/65/L.35), adopted without vote: resolution 65/292; draft resolution V (originally A/C.5/65/L.52), adopted without vote: resolution 65/293</subfield>
            <subfield code="z">I</subfield>
        </datafield>
        <datafield tag="991" ind1="1" ind2=" ">
            <subfield code="0">1222094</subfield>
            <subfield code="a">A/65/251</subfield>
            <subfield code="b">144</subfield>
            <subfield code="c">Financing of the United Nations Mission in the Central African Republic and Chad.</subfield>
            <subfield code="d">UN MISSION IN THE CENTRAL AFRICAN REPUBLIC AND CHAD--FINANCING</subfield>
            <subfield code="e">At the 106th meeting, draft resolution in A/65/653/Add.1 (originally A/C.5/65/L.32) was adopted without vote: resolution 65/254 B</subfield>
            <subfield code="z">I</subfield>
        </datafield>
        <datafield tag="991" ind1="1" ind2=" ">
            <subfield code="0">1222096</subfield>
            <subfield code="a">A/65/251</subfield>
            <subfield code="b">145</subfield>
            <subfield code="c">Financing of the United Nations Operation in Côte d'Ivoire.</subfield>
            <subfield code="d">UN OPERATION IN CÔTE D'IVOIRE--FINANCING</subfield>
            <subfield code="e">At the 106th meeting, draft resolution in A/65/881 (originally A/C.5/65/L.38) was adopted without vote: resolution 65/294</subfield>
            <subfield code="z">I</subfield>
        </datafield>
        <datafield tag="991" ind1="1" ind2=" ">
            <subfield code="0">1222095</subfield>
            <subfield code="a">A/65/251</subfield>
            <subfield code="b">146</subfield>
            <subfield code="c">Financing of the United Nations Peacekeeping Force in Cyprus.</subfield>
            <subfield code="d">UN PEACEKEEPING FORCE IN CYPRUS--FINANCING</subfield>
            <subfield code="e">At the 106th meeting, draft resolution in A/65/882 (originally A/C.5/65/L.39) was adopted without vote: resolution 65/295</subfield>
            <subfield code="z">I</subfield>
        </datafield>
        <datafield tag="991" ind1="1" ind2=" ">
            <subfield code="0">1222097</subfield>
            <subfield code="a">A/65/251</subfield>
            <subfield code="b">147</subfield>
            <subfield code="c">Financing of the United Nations Organization Mission in the Democratic Republic of the Congo.</subfield>
            <subfield code="d">UN ORGANIZATION MISSION IN THE DEMOCRATIC REPUBLIC OF THE CONGO--FINANCING</subfield>
            <subfield code="e">At the 106th meeting, draft resolution in A/65/654/Add.1 (originally A/C.5/65/L.40) was adopted without vote: resolution 65/296</subfield>
            <subfield code="z">I</subfield>
        </datafield>
        <datafield tag="991" ind1="1" ind2=" ">
            <subfield code="0">1226031</subfield>
            <subfield code="a">A/65/251</subfield>
            <subfield code="b">148</subfield>
            <subfield code="c">Financing of the United Nations Organization Stabilization Mission in the Democratic Republic of the Congo.</subfield>
            <subfield code="d">UN ORGANIZATION STABILIZATION MISSION IN THE DEMOCRATIC REPUBLIC OF THE CONGO--FINANCING</subfield>
            <subfield code="e">At the 106th meeting, draft resolution in A/65/654/Add.1 (originally A/C.5/65/L.40) was adopted without vote: resolution 65/296</subfield>
            <subfield code="z">I</subfield>
        </datafield>
        <datafield tag="991" ind1="1" ind2=" ">
            <subfield code="0">1222099</subfield>
            <subfield code="a">A/65/251</subfield>
            <subfield code="b">150</subfield>
            <subfield code="c">Financing of the United Nations Integrated Mission in Timor-Leste.</subfield>
            <subfield code="d">UN INTEGRATED MISSION IN TIMOR-LESTE--FINANCING</subfield>
            <subfield code="e">At the 106th meeting, draft resolution in A/65/883 (originally A/C.5/65/L.41) was adopted without vote: resolution 65/297</subfield>
            <subfield code="z">I</subfield>
        </datafield>
        <datafield tag="991" ind1="1" ind2=" ">
            <subfield code="0">1222100</subfield>
            <subfield code="a">A/65/251</subfield>
            <subfield code="b">151</subfield>
            <subfield code="c">Financing of the United Nations Mission in Ethiopia and Eritrea.</subfield>
            <subfield code="d">UN MISSION IN ETHIOPIA AND ERITREA--FINANCING</subfield>
            <subfield code="e">At the 106th meeting, draft resolution in A/65/878 (originally A/C.5/65/L.33) was adopted without vote: resolution 65/298</subfield>
            <subfield code="z">I</subfield>
        </datafield>
        <datafield tag="991" ind1="1" ind2=" ">
            <subfield code="0">1222101</subfield>
            <subfield code="a">A/65/251</subfield>
            <subfield code="b">152</subfield>
            <subfield code="c">Financing of the United Nations Observer Mission in Georgia.</subfield>
            <subfield code="d">UN OBSERVER MISSION IN GEORGIA--FINANCING</subfield>
            <subfield code="e">At the 106th meeting, draft resolution in A/65/879 (originally A/C.5/65/L.34) was adopted without vote: resolution 65/299</subfield>
            <subfield code="z">I</subfield>
        </datafield>
        <datafield tag="991" ind1="1" ind2=" ">
            <subfield code="0">1222103</subfield>
            <subfield code="a">A/65/251</subfield>
            <subfield code="b">153</subfield>
            <subfield code="c">Financing of the United Nations Stabilization Mission in Haiti.</subfield>
            <subfield code="d">UN STABILIZATION MISSION IN HAITI--FINANCING</subfield>
            <subfield code="e">At the 106th meeting, draft resolution in A/65/655/Add.1 (originally A/C.5/65/L.42) was adopted without vote: resolution 65/256 B</subfield>
            <subfield code="z">I</subfield>
        </datafield>
        <datafield tag="991" ind1="1" ind2=" ">
            <subfield code="0">1222104</subfield>
            <subfield code="a">A/65/251</subfield>
            <subfield code="b">154</subfield>
            <subfield code="c">Financing of the United Nations Interim Administration Mission in Kosovo.</subfield>
            <subfield code="d">UN INTERIM ADMINISTRATION MISSION IN KOSOVO--FINANCING</subfield>
            <subfield code="e">At the 106th meeting, draft resolution in A/65/884 (originally A/C.5/65/L.43) was adopted without vote: resolution 65/300</subfield>
            <subfield code="z">I</subfield>
        </datafield>
        <datafield tag="991" ind1="1" ind2=" ">
            <subfield code="0">1222105</subfield>
            <subfield code="a">A/65/251</subfield>
            <subfield code="b">155</subfield>
            <subfield code="c">Financing of the United Nations Mission in Liberia.</subfield>
            <subfield code="d">UN MISSION IN LIBERIA--FINANCING</subfield>
            <subfield code="e">At the 106th meeting, draft resolution in A/65/885 (originally A/C.5/65/L.44) was adopted without vote: resolution 65/301</subfield>
            <subfield code="z">I</subfield>
        </datafield>
        <datafield tag="991" ind1="1" ind2=" ">
            <subfield code="0">1222107</subfield>
            <subfield code="a">A/65/251</subfield>
            <subfield code="b">156a</subfield>
            <subfield code="c">United Nations Disengagement Observer Force.</subfield>
            <subfield code="d">UN DISENGAGEMENT OBSERVER FORCE--FINANCING</subfield>
            <subfield code="e">At the 106th meeting, draft resolution in A/65/886 (originally A/C.5/65/L.45) was adopted without vote: resolution 65/302</subfield>
            <subfield code="z">I</subfield>
        </datafield>
        <datafield tag="991" ind1="1" ind2=" ">
            <subfield code="0">1222108</subfield>
            <subfield code="a">A/65/251</subfield>
            <subfield code="b">156b</subfield>
            <subfield code="c">United Nations Interim Force in Lebanon.</subfield>
            <subfield code="d">UN INTERIM FORCE IN LEBANON--FINANCING</subfield>
            <subfield code="e">At the 106th meeting, draft resolution in A/65/880 (originally A/C.5/65/L.37) was adopted (117-3-1): resolution 65/303</subfield>
            <subfield code="z">I</subfield>
        </datafield>
        <datafield tag="991" ind1="1" ind2=" ">
            <subfield code="0">1222109</subfield>
            <subfield code="a">A/65/251</subfield>
            <subfield code="b">157</subfield>
            <subfield code="c">Financing of the United Nations Mission in the Sudan.</subfield>
            <subfield code="d">UN MISSION IN THE SUDAN--FINANCING</subfield>
            <subfield code="e">At the 106th meeting, draft resolution in A//65/656/Add.1 (originally A/C.5/65/L.46) was adopted without vote: resolution 65/257 B</subfield>
            <subfield code="z">I</subfield>
        </datafield>
        <datafield tag="991" ind1="1" ind2=" ">
            <subfield code="0">1222110</subfield>
            <subfield code="a">A/65/251</subfield>
            <subfield code="b">158</subfield>
            <subfield code="c">Financing of the United Nations Mission for the Referendum in Western Sahara.</subfield>
            <subfield code="d">UN MISSION FOR THE REFERENDUM IN WESTERN SAHARA--FINANCING</subfield>
            <subfield code="e">At the 106th meeting, draft resolution in A/65/887 (originally A/C.5/65/L.47) was adopted without vote: resolution 65/304</subfield>
            <subfield code="z">I</subfield>
        </datafield>
        <datafield tag="991" ind1="1" ind2=" ">
            <subfield code="0">1222111</subfield>
            <subfield code="a">A/65/251</subfield>
            <subfield code="b">159</subfield>
            <subfield code="c">Financing of the African Union-United Nations Hybrid Operation in Darfur.</subfield>
            <subfield code="d">AU-UN HYBRID OPERATION IN DARFUR-FINANCING</subfield>
            <subfield code="e">At the 106th meeting, draft resolution in A/65/888 (originally A/C.5/65/L.48) was adopted without vote: resolution 65/305</subfield>
            <subfield code="z">I</subfield>
        </datafield>
        <datafield tag="991" ind1="1" ind2=" ">
            <subfield code="0">1222112</subfield>
            <subfield code="a">A/65/251</subfield>
            <subfield code="b">160</subfield>
            <subfield code="c">Financing of the activities arising from Security Council resolution 1863 (2009).</subfield>
            <subfield code="d">AFRICAN UNION MISSION IN SOMALIA--FINANCING</subfield>
            <subfield code="e">At the 106th meeting, draft resolution in A/65/889 (originally A/C.5/65/L.49) was adopted without vote: resolution 65/306</subfield>
            <subfield code="z">I</subfield>
        </datafield>
        <datafield tag="992" ind1=" " ind2=" ">
            <subfield code="a">20110630</subfield>
        </datafield>
        <datafield tag="998" ind1=" " ind2=" ">
            <subfield code="a">20110919053000</subfield>
            <subfield code="b">kroy</subfield>
            <subfield code="c">20160728064800</subfield>
            <subfield code="d">shkcat</subfield>
        </datafield>
        <datafield tag="999" ind1=" " ind2=" ">
            <subfield code="a">kakc20110919</subfield>
            <subfield code="b">20110919</subfield>
            <subfield code="c">c</subfield>
        </datafield>
        <datafield tag="999" ind1=" " ind2=" ">
            <subfield code="a">slr20110920</subfield>
            <subfield code="b">20110920</subfield>
            <subfield code="c">r</subfield>
        </datafield>
        <datafield tag="999" ind1=" " ind2=" ">
            <subfield code="a">krq20110919</subfield>
            <subfield code="b">20110919</subfield>
            <subfield code="c">q</subfield>
        </datafield>
        <datafield tag="999" ind1=" " ind2=" ">
            <subfield code="a">vwt20110921</subfield>
            <subfield code="b">20110921</subfield>
            <subfield code="c">t</subfield>
        </datafield>
        <datafield tag="999" ind1=" " ind2=" ">
            <subfield code="a">vwu20120213</subfield>
            <subfield code="b">20120213</subfield>
            <subfield code="c">u</subfield>
        </datafield>
    </record>