

    
    <record>
        <controlfield tag="001">702840</controlfield>
        <controlfield tag="000">00000nam\\2200025#a\4500</controlfield>
        <controlfield tag="005">20170412204519.0</controlfield>
        <controlfield tag="008">110510s2011\\\\usa\\\\#r\\\\\|||1|\eng\d</controlfield>
        <datafield tag="029" ind1=" " ind2=" ">
            <subfield code="a">JN</subfield>
            <subfield code="b">N1070078 E</subfield>
        </datafield>
        <datafield tag="035" ind1=" " ind2=" ">
            <subfield code="a">D0380265</subfield>
        </datafield>
        <datafield tag="035" ind1=" " ind2=" ">
            <subfield code="a">(DHL)946241</subfield>
        </datafield>
        <datafield tag="039" ind1=" " ind2=" ">
            <subfield code="a">DHU</subfield>
        </datafield>
        <datafield tag="040" ind1=" " ind2=" ">
            <subfield code="a">NNUN</subfield>
            <subfield code="b">eng</subfield>
        </datafield>
        <datafield tag="041" ind1=" " ind2=" ">
            <subfield code="a">arachiengfrerusspa</subfield>
        </datafield>
        <datafield tag="049" ind1=" " ind2=" ">
            <subfield code="a">usa</subfield>
        </datafield>
        <datafield tag="089" ind1=" " ind2=" ">
            <subfield code="b">B03</subfield>
        </datafield>
        <datafield tag="089" ind1=" " ind2=" ">
            <subfield code="b">B07</subfield>
        </datafield>
        <datafield tag="091" ind1=" " ind2=" ">
            <subfield code="a">GEN</subfield>
        </datafield>
        <datafield tag="099" ind1=" " ind2=" ">
            <subfield code="a">UNH</subfield>
            <subfield code="b">DHU</subfield>
            <subfield code="c">A(01)/R3</subfield>
            <subfield code="q">A01R3</subfield>
        </datafield>
        <datafield tag="191" ind1=" " ind2=" ">
            <subfield code="0">1221254</subfield>
            <subfield code="9">G88</subfield>
            <subfield code="a">A/65/PV.69</subfield>
            <subfield code="b">A/</subfield>
            <subfield code="c">65</subfield>
            <subfield code="q">A65PV69</subfield>
            <subfield code="r">A65</subfield>
        </datafield>
        <datafield tag="245" ind1="1" ind2="0">
            <subfield code="a">General Assembly official records, 65th session :</subfield>
            <subfield code="b">69th plenary meeting, Monday, 20 December 2010, New York</subfield>
        </datafield>
        <datafield tag="260" ind1=" " ind2=" ">
            <subfield code="a">[New York] :</subfield>
            <subfield code="b">UN,</subfield>
            <subfield code="c">[2011]</subfield>
        </datafield>
        <datafield tag="269" ind1=" " ind2=" ">
            <subfield code="a">2011</subfield>
        </datafield>
        <datafield tag="300" ind1=" " ind2=" ">
            <subfield code="a">27 p.</subfield>
        </datafield>
        <datafield tag="495" ind1=" " ind2=" ">
            <subfield code="a">GAOR, 65th sess., Meeting records</subfield>
        </datafield>
        <datafield tag="610" ind1="2" ind2="7">
            <subfield code="0">1189754</subfield>
            <subfield code="2">unbisn</subfield>
            <subfield code="a">International Commission against Impunity in Guatemala</subfield>
        </datafield>
        <datafield tag="650" ind1="1" ind2="7">
            <subfield code="0">1281052</subfield>
            <subfield code="2">unbist</subfield>
            <subfield code="a">HUMAN RIGHTS</subfield>
        </datafield>
        <datafield tag="650" ind1="1" ind2="7">
            <subfield code="0">1282877</subfield>
            <subfield code="2">unbist</subfield>
            <subfield code="a">INFORMATION TECHNOLOGY</subfield>
        </datafield>
        <datafield tag="650" ind1="1" ind2="7">
            <subfield code="0">1279874</subfield>
            <subfield code="2">unbist</subfield>
            <subfield code="a">COMMUNICATION TECHNOLOGY</subfield>
        </datafield>
        <datafield tag="650" ind1="1" ind2="7">
            <subfield code="0">1279967</subfield>
            <subfield code="2">unbist</subfield>
            <subfield code="a">INTERNATIONAL TRADE</subfield>
        </datafield>
        <datafield tag="650" ind1="2" ind2="7">
            <subfield code="0">1278695</subfield>
            <subfield code="2">unbist</subfield>
            <subfield code="a">INTERNATIONAL MONETARY SYSTEM</subfield>
        </datafield>
        <datafield tag="650" ind1="2" ind2="7">
            <subfield code="0">1278587</subfield>
            <subfield code="2">unbist</subfield>
            <subfield code="a">DEBT MANAGEMENT</subfield>
        </datafield>
        <datafield tag="650" ind1="2" ind2="7">
            <subfield code="0">1278575</subfield>
            <subfield code="2">unbist</subfield>
            <subfield code="a">DEVELOPMENT FINANCE</subfield>
        </datafield>
        <datafield tag="650" ind1="2" ind2="7">
            <subfield code="0">1278808</subfield>
            <subfield code="2">unbist</subfield>
            <subfield code="a">OIL SPILLS</subfield>
        </datafield>
        <datafield tag="650" ind1="2" ind2="7">
            <subfield code="0">1278807</subfield>
            <subfield code="2">unbist</subfield>
            <subfield code="a">OIL POLLUTION</subfield>
        </datafield>
        <datafield tag="650" ind1="2" ind2="7">
            <subfield code="0">1278806</subfield>
            <subfield code="2">unbist</subfield>
            <subfield code="a">OCEAN DUMPING</subfield>
        </datafield>
        <datafield tag="650" ind1="2" ind2="7">
            <subfield code="0">1278770</subfield>
            <subfield code="2">unbist</subfield>
            <subfield code="a">CORAL REEFS</subfield>
        </datafield>
        <datafield tag="650" ind1="2" ind2="7">
            <subfield code="0">1284407</subfield>
            <subfield code="2">unbist</subfield>
            <subfield code="a">SUSTAINABLE ENERGY</subfield>
        </datafield>
        <datafield tag="650" ind1="2" ind2="7">
            <subfield code="0">1280359</subfield>
            <subfield code="2">unbist</subfield>
            <subfield code="a">SANITATION</subfield>
        </datafield>
        <datafield tag="650" ind1="2" ind2="7">
            <subfield code="0">1278835</subfield>
            <subfield code="2">unbist</subfield>
            <subfield code="a">WATER</subfield>
        </datafield>
        <datafield tag="650" ind1="2" ind2="7">
            <subfield code="0">1278886</subfield>
            <subfield code="2">unbist</subfield>
            <subfield code="a">MARINE ECOSYSTEMS</subfield>
        </datafield>
        <datafield tag="650" ind1="2" ind2="7">
            <subfield code="0">1280983</subfield>
            <subfield code="2">unbist</subfield>
            <subfield code="a">DISASTER PREVENTION</subfield>
        </datafield>
        <datafield tag="650" ind1="2" ind2="7">
            <subfield code="0">1282616</subfield>
            <subfield code="2">unbist</subfield>
            <subfield code="a">INSTITUTIONAL MACHINERY</subfield>
        </datafield>
        <datafield tag="650" ind1="2" ind2="7">
            <subfield code="0">1281938</subfield>
            <subfield code="2">unbist</subfield>
            <subfield code="a">CLIMATE</subfield>
        </datafield>
        <datafield tag="650" ind1="2" ind2="7">
            <subfield code="0">1278851</subfield>
            <subfield code="2">unbist</subfield>
            <subfield code="a">DESERTIFICATION</subfield>
        </datafield>
        <datafield tag="650" ind1="2" ind2="7">
            <subfield code="0">1284239</subfield>
            <subfield code="2">unbist</subfield>
            <subfield code="a">BIOLOGICAL DIVERSITY</subfield>
        </datafield>
        <datafield tag="650" ind1="2" ind2="7">
            <subfield code="0">1280338</subfield>
            <subfield code="2">unbist</subfield>
            <subfield code="a">HUMAN SETTLEMENTS</subfield>
        </datafield>
        <datafield tag="650" ind1="2" ind2="7">
            <subfield code="0">1281488</subfield>
            <subfield code="2">unbist</subfield>
            <subfield code="a">CULTURE</subfield>
        </datafield>
        <datafield tag="650" ind1="2" ind2="7">
            <subfield code="0">1278413</subfield>
            <subfield code="2">unbist</subfield>
            <subfield code="a">INTERNATIONAL ECONOMIC RELATIONS</subfield>
        </datafield>
        <datafield tag="650" ind1="2" ind2="7">
            <subfield code="0">1284276</subfield>
            <subfield code="2">unbist</subfield>
            <subfield code="a">GLOBALIZATION</subfield>
        </datafield>
        <datafield tag="650" ind1="2" ind2="7">
            <subfield code="0">1278558</subfield>
            <subfield code="2">unbist</subfield>
            <subfield code="a">CORRUPTION</subfield>
        </datafield>
        <datafield tag="650" ind1="2" ind2="7">
            <subfield code="0">1280096</subfield>
            <subfield code="2">unbist</subfield>
            <subfield code="a">INTERNATIONAL MIGRATION</subfield>
        </datafield>
        <datafield tag="650" ind1="2" ind2="7">
            <subfield code="0">1278384</subfield>
            <subfield code="2">unbist</subfield>
            <subfield code="a">LEAST DEVELOPED COUNTRIES</subfield>
        </datafield>
        <datafield tag="650" ind1="2" ind2="7">
            <subfield code="0">1278383</subfield>
            <subfield code="2">unbist</subfield>
            <subfield code="a">LANDLOCKED DEVELOPING COUNTRIES</subfield>
        </datafield>
        <datafield tag="650" ind1="2" ind2="7">
            <subfield code="0">1283778</subfield>
            <subfield code="2">unbist</subfield>
            <subfield code="a">ECOTOURISM</subfield>
        </datafield>
        <datafield tag="650" ind1="2" ind2="7">
            <subfield code="0">1281311</subfield>
            <subfield code="2">unbist</subfield>
            <subfield code="a">POVERTY MITIGATION</subfield>
        </datafield>
        <datafield tag="650" ind1="2" ind2="7">
            <subfield code="0">1279348</subfield>
            <subfield code="2">unbist</subfield>
            <subfield code="a">INDUSTRIAL DEVELOPMENT</subfield>
        </datafield>
        <datafield tag="650" ind1="2" ind2="7">
            <subfield code="0">1284440</subfield>
            <subfield code="2">unbist</subfield>
            <subfield code="a">ORGANIZATIONAL REFORM</subfield>
        </datafield>
        <datafield tag="650" ind1="2" ind2="7">
            <subfield code="0">1282971</subfield>
            <subfield code="2">unbist</subfield>
            <subfield code="a">FOOD SECURITY</subfield>
        </datafield>
        <datafield tag="650" ind1="2" ind2="7">
            <subfield code="0">1283975</subfield>
            <subfield code="2">unbist</subfield>
            <subfield code="a">AIDS PREVENTION</subfield>
        </datafield>
        <datafield tag="650" ind1="2" ind2="7">
            <subfield code="0">1284001</subfield>
            <subfield code="2">unbist</subfield>
            <subfield code="a">IMPUNITY</subfield>
        </datafield>
        <datafield tag="650" ind1="2" ind2="7">
            <subfield code="0">1278220</subfield>
            <subfield code="2">unbist</subfield>
            <subfield code="a">RULE OF LAW</subfield>
        </datafield>
        <datafield tag="651" ind1="1" ind2="7">
            <subfield code="0">1282159</subfield>
            <subfield code="2">unbist</subfield>
            <subfield code="a">GUATEMALA</subfield>
        </datafield>
        <datafield tag="793" ind1=" " ind2=" ">
            <subfield code="a">PL</subfield>
        </datafield>
        <datafield tag="856" ind1="4" ind2=" ">
            <subfield code="s">400819</subfield>
            <subfield code="u">http://digitallibrary.un.org/record/702840/files/A_65_PV.69-AR.pdf</subfield>
            <subfield code="y">العربية</subfield>
        </datafield>
        <datafield tag="856" ind1="4" ind2=" ">
            <subfield code="s">376713</subfield>
            <subfield code="u">http://digitallibrary.un.org/record/702840/files/A_65_PV.69-ZH.pdf</subfield>
            <subfield code="y">中文</subfield>
        </datafield>
        <datafield tag="856" ind1="4" ind2=" ">
            <subfield code="s">193489</subfield>
            <subfield code="u">http://digitallibrary.un.org/record/702840/files/A_65_PV.69-EN.pdf</subfield>
            <subfield code="y">English</subfield>
        </datafield>
        <datafield tag="856" ind1="4" ind2=" ">
            <subfield code="s">251836</subfield>
            <subfield code="u">http://digitallibrary.un.org/record/702840/files/A_65_PV.69-FR.pdf</subfield>
            <subfield code="y">Français</subfield>
        </datafield>
        <datafield tag="856" ind1="4" ind2=" ">
            <subfield code="s">525667</subfield>
            <subfield code="u">http://digitallibrary.un.org/record/702840/files/A_65_PV.69-RU.pdf</subfield>
            <subfield code="y">Русский</subfield>
        </datafield>
        <datafield tag="856" ind1="4" ind2=" ">
            <subfield code="s">287197</subfield>
            <subfield code="u">http://digitallibrary.un.org/record/702840/files/A_65_PV.69-ES.pdf</subfield>
            <subfield code="y">Español</subfield>
        </datafield>
        <datafield tag="930" ind1=" " ind2=" ">
            <subfield code="a">UNDMY11</subfield>
        </datafield>
        <datafield tag="949" ind1=" " ind2=" ">
            <subfield code="9">A(01)/R3</subfield>
            <subfield code="b">1779434.2.1</subfield>
            <subfield code="c">c. 1</subfield>
            <subfield code="d">20110509200000</subfield>
            <subfield code="i">1779434</subfield>
            <subfield code="k">uncs</subfield>
            <subfield code="l">DHL</subfield>
            <subfield code="m">14day</subfield>
            <subfield code="z">t</subfield>
        </datafield>
        <datafield tag="949" ind1=" " ind2=" ">
            <subfield code="9">A(01)/R3</subfield>
            <subfield code="b">1779437.5.1</subfield>
            <subfield code="c">c. 1</subfield>
            <subfield code="d">20110509200000</subfield>
            <subfield code="i">1779437</subfield>
            <subfield code="k">unss</subfield>
            <subfield code="l">DHL</subfield>
            <subfield code="m">14day</subfield>
            <subfield code="z">t</subfield>
        </datafield>
        <datafield tag="949" ind1=" " ind2=" ">
            <subfield code="9">A(01)/R3</subfield>
            <subfield code="b">1779436.4.1</subfield>
            <subfield code="c">c. 1</subfield>
            <subfield code="d">20110509200000</subfield>
            <subfield code="i">1779436</subfield>
            <subfield code="k">unrs</subfield>
            <subfield code="l">DHL</subfield>
            <subfield code="m">14day</subfield>
            <subfield code="z">t</subfield>
        </datafield>
        <datafield tag="949" ind1=" " ind2=" ">
            <subfield code="9">A(01)/R3</subfield>
            <subfield code="b">1779433.1.1</subfield>
            <subfield code="c">c. 1</subfield>
            <subfield code="d">20110509200000</subfield>
            <subfield code="i">1779433</subfield>
            <subfield code="k">unas</subfield>
            <subfield code="l">DHL</subfield>
            <subfield code="m">14day</subfield>
            <subfield code="z">t</subfield>
        </datafield>
        <datafield tag="949" ind1=" " ind2=" ">
            <subfield code="9">A(01)/R3</subfield>
            <subfield code="b">1779435.3.1</subfield>
            <subfield code="c">c. 1</subfield>
            <subfield code="d">20110509200000</subfield>
            <subfield code="i">1779435</subfield>
            <subfield code="k">unfs</subfield>
            <subfield code="l">DHL</subfield>
            <subfield code="m">14day</subfield>
            <subfield code="z">t</subfield>
        </datafield>
        <datafield tag="949" ind1=" " ind2=" ">
            <subfield code="9">A(01)/R3</subfield>
            <subfield code="b">10000009462411</subfield>
            <subfield code="c">c. 1</subfield>
            <subfield code="d">20110509200000</subfield>
            <subfield code="i">1779432</subfield>
            <subfield code="k">unes</subfield>
            <subfield code="l">DHL</subfield>
            <subfield code="m">14day</subfield>
            <subfield code="z">t</subfield>
        </datafield>
        <datafield tag="980" ind1=" " ind2=" ">
            <subfield code="a">BIB</subfield>
        </datafield>
        <datafield tag="989" ind1=" " ind2=" ">
            <subfield code="a">Documents and Publications</subfield>
            <subfield code="b">Meeting Records</subfield>
            <subfield code="c">Verbatim Records</subfield>
        </datafield>
        <datafield tag="991" ind1="1" ind2=" ">
            <subfield code="0">1221296</subfield>
            <subfield code="a">A/65/251</subfield>
            <subfield code="b">17</subfield>
            <subfield code="c">Information and communications technologies for development.</subfield>
            <subfield code="d">INFORMATION TECHNOLOGY--DEVELOPMENT</subfield>
            <subfield code="e">At the 69th meeting, draft resolution in A/65/433 (originally A/C.2/65/L.56) was adopted without vote: resolution 65/141</subfield>
            <subfield code="z">I</subfield>
        </datafield>
        <datafield tag="991" ind1="1" ind2=" ">
            <subfield code="0">1221297</subfield>
            <subfield code="a">A/65/251</subfield>
            <subfield code="b">18</subfield>
            <subfield code="c">Macroeconomic policy questions.</subfield>
            <subfield code="d">MACROECONOMIC POLICY</subfield>
            <subfield code="e">At the 69th meeting, the Assembly took note of the report of the 2nd Committee (A/65/434): decision 65/525</subfield>
            <subfield code="z">I</subfield>
        </datafield>
        <datafield tag="991" ind1="1" ind2=" ">
            <subfield code="0">1221298</subfield>
            <subfield code="a">A/65/251</subfield>
            <subfield code="b">18a</subfield>
            <subfield code="c">International trade and development.</subfield>
            <subfield code="d">INTERNATIONAL TRADE</subfield>
            <subfield code="e">At the 69th meeting, draft resolution in A/65/434/Add.1 (originally A/C.2/65/L.44) was adopted (119-47-7): resolution 65/142</subfield>
            <subfield code="z">I</subfield>
        </datafield>
        <datafield tag="991" ind1="1" ind2=" ">
            <subfield code="0">1221315</subfield>
            <subfield code="a">A/65/251</subfield>
            <subfield code="b">18b</subfield>
            <subfield code="c">International financial system and development.</subfield>
            <subfield code="d">DEVELOPMENT FINANCE</subfield>
            <subfield code="e">At the 69th meeting, draft resolution in A/65/434/Add.2 (originally A/C.2/65/L.48) was adopted without vote: resolution 65/143</subfield>
            <subfield code="z">I</subfield>
        </datafield>
        <datafield tag="991" ind1="1" ind2=" ">
            <subfield code="0">1221316</subfield>
            <subfield code="a">A/65/251</subfield>
            <subfield code="b">18c</subfield>
            <subfield code="c">External debt sustainability and development.</subfield>
            <subfield code="d">EXTERNAL DEBT</subfield>
            <subfield code="e">At the 69th meeting, draft resolution in A/65/434/Add.3 (originally A/C.2/65/L.59) was adopted without vote: resolution 65/144 </subfield>
            <subfield code="z">I</subfield>
        </datafield>
        <datafield tag="991" ind1="1" ind2=" ">
            <subfield code="0">1221317</subfield>
            <subfield code="a">A/65/251</subfield>
            <subfield code="b">19</subfield>
            <subfield code="c">Follow-up to and implementation of the outcome of the 2002 International Conference on Financing for Development and the 2008 Review Conference.</subfield>
            <subfield code="d">DEVELOPMENT FINANCE--CONFERENCE (2002 : MONTERREY, MEXICO)--FOLLOW-UP</subfield>
            <subfield code="e">At the 69th meeting, action on draft resolutions in A/65/435 was as follows: draft resolution I (originally A/C.2/65/L.53), adopted without vote: resolution 65/145; draft resolution II (originally A/C.2/65/L.57), adopted without vote: resolution 65/146 </subfield>
            <subfield code="z">I</subfield>
        </datafield>
        <datafield tag="991" ind1="1" ind2=" ">
            <subfield code="0">1221318</subfield>
            <subfield code="a">A/65/251</subfield>
            <subfield code="b">20</subfield>
            <subfield code="c">Sustainable development.</subfield>
            <subfield code="d">SUSTAINABLE DEVELOPMENT</subfield>
            <subfield code="e">At the 69th meeting, action on draft resolutions in A/65/436 was as follows: draft resolution I (originally A/C.2/65/L.17/Rev.1), adopted (163-8-5): resolution 65/147; draft resolution II (originally A/C.2/65/L.35/Rev.1), adopted without vote: resolution 65/148; draft resolution III (originally A/C.2/65/L.32/Rev.1), as orally corrected, adopted without vote: resolution 65/149; draft resolution IV (originally A/C.2/65/L.28/Rev.1), adopted without vote: resolution 65/150; draft resolution V (originally A/C.2/65/L.70), adopted without vote: resolution 65/151</subfield>
            <subfield code="z">I</subfield>
        </datafield>
        <datafield tag="991" ind1="1" ind2=" ">
            <subfield code="0">1221319</subfield>
            <subfield code="a">A/65/251</subfield>
            <subfield code="b">20a</subfield>
            <subfield code="c">Implementation of Agenda 21, the Programme for the Further Implementation of Agenda 21 and the outcomes of the World Summit on Sustainable Development.</subfield>
            <subfield code="d">AGENDA 21--PROGRAMME IMPLEMENTATION</subfield>
            <subfield code="e">At the 69th meeting, action on draft resolutions in A/65/436/Add.1 was as follows: draft resolution I (originally A/C.2/65/L.52), adopted without vote: resolution 65/152; draft resolution II (originally A/C.2/65/L.24/Rev.1), adopted without vote: resolution 65/153; draft resolution III (originally A/C.2/65/L.25/Rev.1), adopted without vote: resolution 65/154</subfield>
            <subfield code="z">I</subfield>
        </datafield>
        <datafield tag="991" ind1="1" ind2=" ">
            <subfield code="0">1221321</subfield>
            <subfield code="a">A/65/251</subfield>
            <subfield code="b">20b</subfield>
            <subfield code="c">Follow-up to and implementation of the Mauritius Strategy for the Further Implementation of the Programme of Action for the Sustainable Development of Small Island Developing States.</subfield>
            <subfield code="d">SUSTAINABLE DEVELOPMENT--DEVELOPING ISLAND COUNTRIES--CONFERENCE (1994 : BRIDGETOWN)--FOLLOW-UP</subfield>
            <subfield code="e">At the 69th meeting, action on draft resolutions in A/65/436/Add.2 was as follows: draft resolution I (originally A/C.2/65/L.46), adopted without vote: resolution 65/155; draft resolution II (originally A/C.2/65/L.60), adopted without vote: resolution 65/156</subfield>
            <subfield code="z">I</subfield>
        </datafield>
        <datafield tag="991" ind1="1" ind2=" ">
            <subfield code="0">1221323</subfield>
            <subfield code="a">A/65/251</subfield>
            <subfield code="b">20c</subfield>
            <subfield code="c">International Strategy for Disaster Reduction.</subfield>
            <subfield code="d">DISASTER PREVENTION</subfield>
            <subfield code="e">At the 69th meeting, action on draft resolutions in A/65/436/Add.3 was as follows: draft resolution I (originally A/C.2/65/L.58), adopted without vote: resolution 65/157; draft resolution II (originally A/C.2/65/L.54), adopted without vote: resolution 65/158</subfield>
            <subfield code="z">I</subfield>
        </datafield>
        <datafield tag="991" ind1="1" ind2=" ">
            <subfield code="0">1231850</subfield>
            <subfield code="a">A/65/251</subfield>
            <subfield code="b">20d</subfield>
            <subfield code="c">Protection of global climate for present and future generations of humankind.</subfield>
            <subfield code="d">CLIMATE</subfield>
            <subfield code="e">At the 69th meeting, draft resolution in A/65/436/Add.4 (originally A/C.2/65/L.51) was adopted without vote: resolution 65/159</subfield>
            <subfield code="z">I</subfield>
        </datafield>
        <datafield tag="991" ind1="1" ind2=" ">
            <subfield code="0">1221324</subfield>
            <subfield code="a">A/65/251</subfield>
            <subfield code="b">20e</subfield>
            <subfield code="c">Implementation of the United Nations Convention to Combat Desertification in Those Countries Experiencing Serious Drought and/or Desertification, Particularly in Africa.</subfield>
            <subfield code="d">DESERTIFICATION--TREATY (1994)</subfield>
            <subfield code="e">At the 69th meeting, draft resolution in A/65/436/Add.5 (originally A/C.2/65/L.65) was adopted without vote: resolution 65/160</subfield>
            <subfield code="z">I</subfield>
        </datafield>
        <datafield tag="991" ind1="1" ind2=" ">
            <subfield code="0">1221326</subfield>
            <subfield code="a">A/65/251</subfield>
            <subfield code="b">20f</subfield>
            <subfield code="c">Convention on Biological Diversity.</subfield>
            <subfield code="d">BIOLOGICAL DIVERSITY--TREATY (1992)</subfield>
            <subfield code="e">At the 69th meeting, draft resolution in A/65/436/Add.6 (originally A/C.2/65/L.67) was adopted without vote: resolution 65/161</subfield>
            <subfield code="z">I</subfield>
        </datafield>
        <datafield tag="991" ind1="1" ind2=" ">
            <subfield code="0">1221343</subfield>
            <subfield code="a">A/65/251</subfield>
            <subfield code="b">20g</subfield>
            <subfield code="c">Report of the Governing Council of the United Nations Environment Programme on its 11th special session.</subfield>
            <subfield code="d">UNEP. GOVERNING COUNCIL--REPORTS (2010)</subfield>
            <subfield code="e">At the 69th meeting, draft resolution in A/65/436/Add.7 (originally A/C.2/65/L.71) was adopted without vote: resolution 65/162</subfield>
            <subfield code="z">I</subfield>
        </datafield>
        <datafield tag="991" ind1="1" ind2=" ">
            <subfield code="0">1221345</subfield>
            <subfield code="a">A/65/251</subfield>
            <subfield code="b">20h</subfield>
            <subfield code="c">United Nations Decade of Education for Sustainable Development.</subfield>
            <subfield code="d">DEVELOPMENT EDUCATION--INTERNATIONAL DECADE</subfield>
            <subfield code="e">At the 69th meeting, draft resolution in A/65/436/Add.8 (originally A/C.2/65/L.41) was adopted without vote: resolution 65/163</subfield>
            <subfield code="z">I</subfield>
        </datafield>
        <datafield tag="991" ind1="1" ind2=" ">
            <subfield code="0">1221346</subfield>
            <subfield code="a">A/65/251</subfield>
            <subfield code="b">20i</subfield>
            <subfield code="c">Harmony with nature.</subfield>
            <subfield code="d">NATURE</subfield>
            <subfield code="e">At the 69th meeting, draft resolution in A/65/436/Add.9 (originally A/C.2/65/L.30/Rev.1), as orally corrected, was adopted without vote: resolution 65/164</subfield>
            <subfield code="z">I</subfield>
        </datafield>
        <datafield tag="991" ind1="1" ind2=" ">
            <subfield code="0">1221356</subfield>
            <subfield code="a">A/65/251</subfield>
            <subfield code="b">21</subfield>
            <subfield code="c">Implementation of the outcome of the United Nations Conference on Human Settlements (Habitat II) and strengthening of the United Nations Human Settlements Programme (UN-Habitat).</subfield>
            <subfield code="d">HUMAN SETTLEMENTS--CONFERENCE--FOLLOW-UP</subfield>
            <subfield code="e">At the 69th meeting, draft resolution in A/65/437 (originally A/C.2/65/L.63) was adopted without vote: resolution 65/165</subfield>
            <subfield code="z">I</subfield>
        </datafield>
        <datafield tag="991" ind1="1" ind2=" ">
            <subfield code="0">1221357</subfield>
            <subfield code="a">A/65/251</subfield>
            <subfield code="b">22</subfield>
            <subfield code="c">Globalization and interdependence.</subfield>
            <subfield code="d">GLOBALIZATION--INTERDEPENDENCE</subfield>
            <subfield code="e">At the 69th meeting, action on draft resolutions in A/65/438 was as follows: draft resolution I (originally A/C.2/65/L.50), adopted without vote: resolution 65/166; draft resolution II (originally A/C.2/65/L.20), adopted (126-1-52): resolution 65/167</subfield>
            <subfield code="z">I</subfield>
        </datafield>
        <datafield tag="991" ind1="1" ind2=" ">
            <subfield code="0">1221358</subfield>
            <subfield code="a">A/65/251</subfield>
            <subfield code="b">22a</subfield>
            <subfield code="c">Role of the United Nations in promoting development in the context of globalization and interdependence.</subfield>
            <subfield code="d">GLOBALIZATION--UN</subfield>
            <subfield code="e">At the 69th meeting, action on draft resolution and draft decision in A/65/438/Add.1 was as follows: draft resolution A/C.2/65/L.15/Rev.1, adopted without vote: resolution 65/168; draft decision entitled "Report of the Secretary-General concerning the role of the United Nations in promoting development in the context of globalization and interdependence", adopted without vote: decision 65/526</subfield>
            <subfield code="z">I</subfield>
        </datafield>
        <datafield tag="991" ind1="1" ind2=" ">
            <subfield code="0">1221360</subfield>
            <subfield code="a">A/65/251</subfield>
            <subfield code="b">22b</subfield>
            <subfield code="c">Preventing and combating corrupt practices and transfer of assets of illicit origin and returning such assets, in particular to the countries of origin, consistent with the United Nations Convention against Corruption.</subfield>
            <subfield code="d">CORRUPT PRACTICES</subfield>
            <subfield code="e">At the 69th meeting, draft resolution in A/65/438/Add.2 (originally A/C.2/65/L.68) was adopted without vote: resolution 65/169</subfield>
            <subfield code="z">I</subfield>
        </datafield>
        <datafield tag="991" ind1="1" ind2=" ">
            <subfield code="0">1221361</subfield>
            <subfield code="a">A/65/251</subfield>
            <subfield code="b">22c</subfield>
            <subfield code="c">International migration and development.</subfield>
            <subfield code="d">MIGRATION</subfield>
            <subfield code="e">At the 69th meeting, draft resolution in A/65/438/Add.3 (originally A/C.2/65/L.69) was adopted without vote: resolution 65/170</subfield>
            <subfield code="z">I</subfield>
        </datafield>
        <datafield tag="991" ind1="1" ind2=" ">
            <subfield code="0">1221364</subfield>
            <subfield code="a">A/65/251</subfield>
            <subfield code="b">23a</subfield>
            <subfield code="c">Fourth United Nations Conference on the Least Developed Countries.</subfield>
            <subfield code="d">LEAST DEVELOPED COUNTRIES--CONFERENCE (4TH : 2011 : ISTANBUL)</subfield>
            <subfield code="e">At the 69th meeting, draft resolution in A/65/439/Add.1 (originally A/C.2/65/L.55) was adopted without vote: resolution 65/171; at the same meeting, the Assembly took note of the report of the 2nd Committee (A/65/439): decision 65/527</subfield>
            <subfield code="z">I</subfield>
        </datafield>
        <datafield tag="991" ind1="1" ind2=" ">
            <subfield code="0">1221365</subfield>
            <subfield code="a">A/65/251</subfield>
            <subfield code="b">23b</subfield>
            <subfield code="c">Specific actions related to the particular needs and problems of landlocked developing countries : outcome of the International Ministerial Conference of Landlocked and Transit Developing Countries and Donor Countries and International Financial and Development Institutions on Transit Transport Cooperation.</subfield>
            <subfield code="d">LANDLOCKED DEVELOPING COUNTRIES</subfield>
            <subfield code="e">At the 69th meeting, draft resolution in A/65/439/Add.2 (originally A/C.2/65/L.47) was adopted without vote: resolution 65/172; at the same meeting, the Assembly took note of the report of the 2nd Committee (A/65/439): decision 65/527</subfield>
            <subfield code="z">I</subfield>
        </datafield>
        <datafield tag="991" ind1="1" ind2=" ">
            <subfield code="0">1221366</subfield>
            <subfield code="a">A/65/251</subfield>
            <subfield code="b">24</subfield>
            <subfield code="c">Eradication of poverty and other development issues.</subfield>
            <subfield code="d">POVERTY MITIGATION</subfield>
            <subfield code="e">At the 69th meeting, draft resolution in A/65/440 (originally A/C.2/65/L.10) was adopted without vote: resolution 65/173</subfield>
            <subfield code="z">I</subfield>
        </datafield>
        <datafield tag="991" ind1="1" ind2=" ">
            <subfield code="0">1221367</subfield>
            <subfield code="a">A/65/251</subfield>
            <subfield code="b">24a</subfield>
            <subfield code="c">Implementation of the 2nd United Nations Decade for the Eradication of Poverty (2008-2017).</subfield>
            <subfield code="d">POVERTY--INTERNATIONAL DECADE (2008-2017)</subfield>
            <subfield code="e">At the 69th meeting, action on draft resolution and draft decision in A/65/440/Add.1 was as follows: draft resolution A/C.2/65/L.64, adopted without vote: resolution 65/174; draft decision entitled "Report of the Secretary-General on the role of microcredit and microfinance in the eradication of poverty", adopted without vote: decision 65/528</subfield>
            <subfield code="z">I</subfield>
        </datafield>
        <datafield tag="991" ind1="1" ind2=" ">
            <subfield code="0">1221370</subfield>
            <subfield code="a">A/65/251</subfield>
            <subfield code="b">24b</subfield>
            <subfield code="c">Industrial development cooperation.</subfield>
            <subfield code="d">INDUSTRIAL DEVELOPMENT</subfield>
            <subfield code="e">At the 69th meeting, draft resolution in A/65/440/Add.2 (originally A/C.2/65/L.45/Rev.1) was adopted without vote: resolution 65/175</subfield>
            <subfield code="z">I</subfield>
        </datafield>
        <datafield tag="991" ind1="1" ind2=" ">
            <subfield code="0">1221371</subfield>
            <subfield code="a">A/65/251</subfield>
            <subfield code="b">25</subfield>
            <subfield code="c">Operational activities for development of the United Nations System.</subfield>
            <subfield code="d">OPERATIONAL ACTIVITIES--UN SYSTEM</subfield>
            <subfield code="e">At the 69th meeting, action on draft resolutions in A/65/441 was as follows: draft resolution I (originally A/C.2/65/L.19), adopted without vote: resolution 65/176; draft resolution II (originally A/C.2/65/L.14), adopted without vote: resolution 65/177</subfield>
            <subfield code="z">I</subfield>
        </datafield>
        <datafield tag="991" ind1="1" ind2=" ">
            <subfield code="0">1221372</subfield>
            <subfield code="a">A/65/251</subfield>
            <subfield code="b">26</subfield>
            <subfield code="c">Agriculture development and food security.</subfield>
            <subfield code="d">FOOD SECURITY</subfield>
            <subfield code="e">At the 69th meeting, draft resolution in A/65/442 (originally A/C.2/65/L.61) was adopted without vote: resolution 65/178</subfield>
            <subfield code="z">I</subfield>
        </datafield>
        <datafield tag="991" ind1="1" ind2=" ">
            <subfield code="0">1221449</subfield>
            <subfield code="a">A/65/251</subfield>
            <subfield code="b">60</subfield>
            <subfield code="c">Permanent sovereignty of the Palestinian people in the Occupied Palestinian Territory, including East Jerusalem, and of the Arab population in the occupied Syrian Golan over their natural resources.</subfield>
            <subfield code="d">TERRITORIES OCCUPIED BY ISRAEL--NATURAL RESOURCES</subfield>
            <subfield code="e">At the 69th meeting, draft resolution in A/65/443 (originally A/C.2/65/L.31) was adopted (167-8-5): resolution 65/179</subfield>
            <subfield code="z">I</subfield>
        </datafield>
        <datafield tag="991" ind1="1" ind2=" ">
            <subfield code="0">1222010</subfield>
            <subfield code="a">A/65/251</subfield>
            <subfield code="b">118</subfield>
            <subfield code="c">Revitalization of the work of the General Assembly</subfield>
            <subfield code="d">UN. GENERAL ASSEMBLY--WORK PROGRAMME</subfield>
            <subfield code="e">At the 69th meeting, action on draft decisions in A/65/444 was as follows: draft decision I (originally A/C.2/65/L.72), adopted without vote: decision 65/529; draft decision II entitled "Improving the working methods of the 2nd Committee", adopted without vote: decision 65/530</subfield>
            <subfield code="z">I</subfield>
        </datafield>
        <datafield tag="991" ind1="1" ind2=" ">
            <subfield code="0">1222072</subfield>
            <subfield code="a">A/65/251</subfield>
            <subfield code="b">130</subfield>
            <subfield code="c">Programme planning.</subfield>
            <subfield code="d">UN--PROGRAMME PLANNING</subfield>
            <subfield code="e">At the 69th meeting, the Assembly took note of the report of the 2nd Committee (A/65/445): decision 65/531</subfield>
            <subfield code="z">I</subfield>
        </datafield>
        <datafield tag="991" ind1="1" ind2=" ">
            <subfield code="0">1221288</subfield>
            <subfield code="a">A/65/251</subfield>
            <subfield code="b">10</subfield>
            <subfield code="c">Implementation of the Declaration of Commitment on HIV/AIDS and the Political Declaration on HIV/AIDS.</subfield>
            <subfield code="d">HIV/AIDS--DECLARATIONS</subfield>
            <subfield code="e">At the 69th meeting, draft resolution A/65/L.49 was adopted without vote: resolution 65/180</subfield>
            <subfield code="z">I</subfield>
        </datafield>
        <datafield tag="991" ind1="1" ind2=" ">
            <subfield code="0">1221403</subfield>
            <subfield code="a">A/65/251</subfield>
            <subfield code="b">42</subfield>
            <subfield code="c">The situation in Central America : progress in fashioning a region of peace, freedom, democracy and development.</subfield>
            <subfield code="d">CENTRAL AMERICA SITUATION</subfield>
            <subfield code="e">At the 69th meeting, draft resolution A/65/L.51 was adopted without vote: resolution 65/181</subfield>
            <subfield code="z">I</subfield>
        </datafield>
        <datafield tag="992" ind1=" " ind2=" ">
            <subfield code="a">20101220</subfield>
        </datafield>
        <datafield tag="998" ind1=" " ind2=" ">
            <subfield code="a">20110510050800</subfield>
            <subfield code="b">bccat</subfield>
            <subfield code="c">20130422051500</subfield>
            <subfield code="d">amcat</subfield>
        </datafield>
        <datafield tag="999" ind1=" " ind2=" ">
            <subfield code="a">jmr20110511</subfield>
            <subfield code="b">20110511</subfield>
            <subfield code="c">r</subfield>
        </datafield>
        <datafield tag="999" ind1=" " ind2=" ">
            <subfield code="a">bcq20110510</subfield>
            <subfield code="b">20110510</subfield>
            <subfield code="c">q</subfield>
        </datafield>
        <datafield tag="999" ind1=" " ind2=" ">
            <subfield code="a">mhc20110510</subfield>
            <subfield code="b">20110510</subfield>
            <subfield code="c">c</subfield>
        </datafield>
        <datafield tag="999" ind1=" " ind2=" ">
            <subfield code="a">vwt20110516</subfield>
            <subfield code="b">20110516</subfield>
            <subfield code="c">t</subfield>
        </datafield>
        <datafield tag="999" ind1=" " ind2=" ">
            <subfield code="a">vwu20111017</subfield>
            <subfield code="b">20111017</subfield>
            <subfield code="c">u</subfield>
        </datafield>
    </record>