

    
    <record>
        <controlfield tag="001">702722</controlfield>
        <controlfield tag="000">00000nam\\2200025#a\4500</controlfield>
        <controlfield tag="005">20170412204244.0</controlfield>
        <controlfield tag="008">110509s2011\\\\usa\\\\#r\\\\\|||1|\eng\d</controlfield>
        <datafield tag="029" ind1=" " ind2=" ">
            <subfield code="a">JN</subfield>
            <subfield code="b">N1070481 E</subfield>
        </datafield>
        <datafield tag="035" ind1=" " ind2=" ">
            <subfield code="a">D0380218</subfield>
        </datafield>
        <datafield tag="035" ind1=" " ind2=" ">
            <subfield code="a">(DHL)946117</subfield>
        </datafield>
        <datafield tag="039" ind1=" " ind2=" ">
            <subfield code="a">DHU</subfield>
        </datafield>
        <datafield tag="040" ind1=" " ind2=" ">
            <subfield code="a">NNUN</subfield>
            <subfield code="b">eng</subfield>
        </datafield>
        <datafield tag="041" ind1=" " ind2=" ">
            <subfield code="a">arachiengfrerusspa</subfield>
        </datafield>
        <datafield tag="049" ind1=" " ind2=" ">
            <subfield code="a">usa</subfield>
        </datafield>
        <datafield tag="089" ind1=" " ind2=" ">
            <subfield code="b">B03</subfield>
        </datafield>
        <datafield tag="089" ind1=" " ind2=" ">
            <subfield code="b">B07</subfield>
        </datafield>
        <datafield tag="091" ind1=" " ind2=" ">
            <subfield code="a">GEN</subfield>
        </datafield>
        <datafield tag="099" ind1=" " ind2=" ">
            <subfield code="a">UNH</subfield>
            <subfield code="b">DHU</subfield>
            <subfield code="c">A(01)/R3</subfield>
            <subfield code="q">A01R3</subfield>
        </datafield>
        <datafield tag="191" ind1=" " ind2=" ">
            <subfield code="0">1221254</subfield>
            <subfield code="9">G88</subfield>
            <subfield code="a">A/65/PV.73</subfield>
            <subfield code="b">A/</subfield>
            <subfield code="c">65</subfield>
            <subfield code="q">A65PV73</subfield>
            <subfield code="r">A65</subfield>
        </datafield>
        <datafield tag="245" ind1="1" ind2="0">
            <subfield code="a">General Assembly official records, 65th session :</subfield>
            <subfield code="b">73rd plenary meeting, Thursday, 23 December 2010, New York</subfield>
        </datafield>
        <datafield tag="260" ind1=" " ind2=" ">
            <subfield code="a">[New York] :</subfield>
            <subfield code="b">UN,</subfield>
            <subfield code="c">[2011]</subfield>
        </datafield>
        <datafield tag="269" ind1=" " ind2=" ">
            <subfield code="a">2011</subfield>
        </datafield>
        <datafield tag="300" ind1=" " ind2=" ">
            <subfield code="a">22 p.</subfield>
        </datafield>
        <datafield tag="495" ind1=" " ind2=" ">
            <subfield code="a">GAOR, 65th sess., Meeting records</subfield>
        </datafield>
        <datafield tag="610" ind1="2" ind2="7">
            <subfield code="0">1228102</subfield>
            <subfield code="2">unbisn</subfield>
            <subfield code="a">UN. General Assembly (65th sess. : 2010-2011)</subfield>
            <subfield code="g">Representatives' credentials</subfield>
        </datafield>
        <datafield tag="610" ind1="2" ind2="7">
            <subfield code="0">1228103</subfield>
            <subfield code="2">unbisn</subfield>
            <subfield code="a">UN. General Assembly (65th sess. : 2010-2011). Credentials Committee</subfield>
        </datafield>
        <datafield tag="610" ind1="2" ind2="7">
            <subfield code="0">864771</subfield>
            <subfield code="2">unbisn</subfield>
            <subfield code="a">UN</subfield>
        </datafield>
        <datafield tag="610" ind1="2" ind2="7">
            <subfield code="0">864478</subfield>
            <subfield code="2">unbisn</subfield>
            <subfield code="a">UN System</subfield>
        </datafield>
        <datafield tag="610" ind1="2" ind2="7">
            <subfield code="0">872073</subfield>
            <subfield code="2">unbisn</subfield>
            <subfield code="a">Caribbean Community</subfield>
        </datafield>
        <datafield tag="610" ind1="2" ind2="7">
            <subfield code="0">936095</subfield>
            <subfield code="2">unbisn</subfield>
            <subfield code="a">UN</subfield>
            <subfield code="g">Budget contributions</subfield>
        </datafield>
        <datafield tag="610" ind1="2" ind2="7">
            <subfield code="0">931636</subfield>
            <subfield code="2">unbisn</subfield>
            <subfield code="a">UN</subfield>
            <subfield code="g">Personnel questions</subfield>
        </datafield>
        <datafield tag="610" ind1="2" ind2="7">
            <subfield code="0">929085</subfield>
            <subfield code="2">unbisn</subfield>
            <subfield code="a">UN System</subfield>
            <subfield code="g">Personnel questions</subfield>
        </datafield>
        <datafield tag="610" ind1="2" ind2="7">
            <subfield code="0">872254</subfield>
            <subfield code="2">unbisn</subfield>
            <subfield code="a">UN Joint Staff Pension Fund</subfield>
        </datafield>
        <datafield tag="610" ind1="2" ind2="7">
            <subfield code="0">(DHLAUTH)613277</subfield>
            <subfield code="2">unbisn</subfield>
            <subfield code="a">UN System Chief Executives Board for Coordination</subfield>
        </datafield>
        <datafield tag="610" ind1="2" ind2="7">
            <subfield code="0">952171</subfield>
            <subfield code="2">unbisn</subfield>
            <subfield code="a">UN System</subfield>
            <subfield code="g">Financing</subfield>
        </datafield>
        <datafield tag="610" ind1="2" ind2="7">
            <subfield code="0">913225</subfield>
            <subfield code="2">unbisn</subfield>
            <subfield code="a">UN. Office of Internal Oversight Services</subfield>
        </datafield>
        <datafield tag="610" ind1="0" ind2="7">
            <subfield code="0">1000285</subfield>
            <subfield code="2">unbisn</subfield>
            <subfield code="a">International Criminal Tribunal for Rwanda</subfield>
            <subfield code="g">Financing</subfield>
        </datafield>
        <datafield tag="610" ind1="2" ind2="7">
            <subfield code="0">998675</subfield>
            <subfield code="2">unbisn</subfield>
            <subfield code="a">International Tribunal for the Prosecution of Persons Responsible for Serious Violations of International Humanitarian Law Committed in the Territory of the Former Yugoslavia since 1991</subfield>
            <subfield code="g">Financing</subfield>
        </datafield>
        <datafield tag="610" ind1="2" ind2="7">
            <subfield code="0">1192918</subfield>
            <subfield code="2">unbisn</subfield>
            <subfield code="a">UN Mission in the Central African Republic and Chad</subfield>
            <subfield code="g">Financing</subfield>
        </datafield>
        <datafield tag="610" ind1="2" ind2="7">
            <subfield code="0">1093404</subfield>
            <subfield code="2">unbisn</subfield>
            <subfield code="a">UN Organization Mission in the Democratic Republic of the Congo</subfield>
            <subfield code="g">Financing</subfield>
        </datafield>
        <datafield tag="610" ind1="2" ind2="7">
            <subfield code="0">1232217</subfield>
            <subfield code="2">unbisn</subfield>
            <subfield code="a">UN Organization Stabilization Mission in the Democratic Republic of the Congo</subfield>
            <subfield code="g">Financing</subfield>
        </datafield>
        <datafield tag="610" ind1="2" ind2="7">
            <subfield code="0">1144542</subfield>
            <subfield code="2">unbisn</subfield>
            <subfield code="a">UN Stabilization Mission in Haiti</subfield>
            <subfield code="g">Financing</subfield>
        </datafield>
        <datafield tag="610" ind1="2" ind2="7">
            <subfield code="0">1160408</subfield>
            <subfield code="2">unbisn</subfield>
            <subfield code="a">UN Mission in Sudan</subfield>
            <subfield code="g">Financing</subfield>
        </datafield>
        <datafield tag="610" ind1="2" ind2="7">
            <subfield code="0">1202937</subfield>
            <subfield code="2">unbisn</subfield>
            <subfield code="a">UN</subfield>
            <subfield code="g">Budget (2010-2011)</subfield>
        </datafield>
        <datafield tag="630" ind1="0" ind2="7">
            <subfield code="0">1203665</subfield>
            <subfield code="2">unbisn</subfield>
            <subfield code="a">International Day of Remembrance of the Victims of Slavery and the Transatlantic Slave Trade (25 Mar.)</subfield>
        </datafield>
        <datafield tag="630" ind1="0" ind2="7">
            <subfield code="0">1103102</subfield>
            <subfield code="2">unbisn</subfield>
            <subfield code="a">Declaration of the World Conference against Racism, Racial Discrimination, Xenophobia and Related Intolerance (2001)</subfield>
        </datafield>
        <datafield tag="630" ind1="0" ind2="7">
            <subfield code="0">1103103</subfield>
            <subfield code="2">unbisn</subfield>
            <subfield code="a">Programme of Action of the World Conference against Racism, Racial Discrimination, Xenophobia and Related Intolerance (2001)</subfield>
        </datafield>
        <datafield tag="650" ind1="1" ind2="7">
            <subfield code="0">1280561</subfield>
            <subfield code="2">unbist</subfield>
            <subfield code="a">NON-COMMUNICABLE DISEASES</subfield>
        </datafield>
        <datafield tag="650" ind1="1" ind2="7">
            <subfield code="0">1281022</subfield>
            <subfield code="2">unbist</subfield>
            <subfield code="a">RACIAL DISCRIMINATION</subfield>
        </datafield>
        <datafield tag="650" ind1="1" ind2="7">
            <subfield code="0">1281052</subfield>
            <subfield code="2">unbist</subfield>
            <subfield code="a">HUMAN RIGHTS</subfield>
        </datafield>
        <datafield tag="650" ind1="1" ind2="7">
            <subfield code="0">1282939</subfield>
            <subfield code="2">unbist</subfield>
            <subfield code="a">COOPERATION BETWEEN ORGANIZATIONS</subfield>
        </datafield>
        <datafield tag="650" ind1="1" ind2="7">
            <subfield code="0">1279405</subfield>
            <subfield code="2">unbist</subfield>
            <subfield code="a">FINANCIAL STATEMENTS</subfield>
        </datafield>
        <datafield tag="650" ind1="2" ind2="7">
            <subfield code="0">1282567</subfield>
            <subfield code="2">unbist</subfield>
            <subfield code="a">PROGRAMME PLANNING</subfield>
        </datafield>
        <datafield tag="650" ind1="2" ind2="7">
            <subfield code="0">1282529</subfield>
            <subfield code="2">unbist</subfield>
            <subfield code="a">CONFERENCE AND MEETING SERVICES</subfield>
        </datafield>
        <datafield tag="650" ind1="2" ind2="7">
            <subfield code="0">1279426</subfield>
            <subfield code="2">unbist</subfield>
            <subfield code="a">PERSONNEL MANAGEMENT</subfield>
        </datafield>
        <datafield tag="650" ind1="2" ind2="7">
            <subfield code="0">1284437</subfield>
            <subfield code="2">unbist</subfield>
            <subfield code="a">INTERNAL OVERSIGHT</subfield>
        </datafield>
        <datafield tag="650" ind1="2" ind2="7">
            <subfield code="0">1278107</subfield>
            <subfield code="2">unbist</subfield>
            <subfield code="a">ADMINISTRATION OF JUSTICE</subfield>
        </datafield>
        <datafield tag="650" ind1="2" ind2="7">
            <subfield code="0">1282888</subfield>
            <subfield code="2">unbist</subfield>
            <subfield code="a">PURCHASING</subfield>
        </datafield>
        <datafield tag="650" ind1="2" ind2="7">
            <subfield code="0">1280513</subfield>
            <subfield code="2">unbist</subfield>
            <subfield code="a">DISEASE CONTROL</subfield>
        </datafield>
        <datafield tag="651" ind1="2" ind2="7">
            <subfield code="0">1283735</subfield>
            <subfield code="2">unbist</subfield>
            <subfield code="a">MYANMAR</subfield>
        </datafield>
        <datafield tag="793" ind1=" " ind2=" ">
            <subfield code="a">PL</subfield>
        </datafield>
        <datafield tag="856" ind1="4" ind2=" ">
            <subfield code="s">334199</subfield>
            <subfield code="u">http://digitallibrary.un.org/record/702722/files/A_65_PV.73-AR.pdf</subfield>
            <subfield code="y">العربية</subfield>
        </datafield>
        <datafield tag="856" ind1="4" ind2=" ">
            <subfield code="s">344722</subfield>
            <subfield code="u">http://digitallibrary.un.org/record/702722/files/A_65_PV.73-ZH.pdf</subfield>
            <subfield code="y">中文</subfield>
        </datafield>
        <datafield tag="856" ind1="4" ind2=" ">
            <subfield code="s">177221</subfield>
            <subfield code="u">http://digitallibrary.un.org/record/702722/files/A_65_PV.73-EN.pdf</subfield>
            <subfield code="y">English</subfield>
        </datafield>
        <datafield tag="856" ind1="4" ind2=" ">
            <subfield code="s">194208</subfield>
            <subfield code="u">http://digitallibrary.un.org/record/702722/files/A_65_PV.73-FR.pdf</subfield>
            <subfield code="y">Français</subfield>
        </datafield>
        <datafield tag="856" ind1="4" ind2=" ">
            <subfield code="s">464212</subfield>
            <subfield code="u">http://digitallibrary.un.org/record/702722/files/A_65_PV.73-RU.pdf</subfield>
            <subfield code="y">Русский</subfield>
        </datafield>
        <datafield tag="856" ind1="4" ind2=" ">
            <subfield code="s">249449</subfield>
            <subfield code="u">http://digitallibrary.un.org/record/702722/files/A_65_PV.73-ES.pdf</subfield>
            <subfield code="y">Español</subfield>
        </datafield>
        <datafield tag="930" ind1=" " ind2=" ">
            <subfield code="a">UNDMY11</subfield>
        </datafield>
        <datafield tag="949" ind1=" " ind2=" ">
            <subfield code="9">A(01)/R3</subfield>
            <subfield code="b">1779161.3.1</subfield>
            <subfield code="c">c. 1</subfield>
            <subfield code="d">20110508200000</subfield>
            <subfield code="i">1779161</subfield>
            <subfield code="k">unfs</subfield>
            <subfield code="l">DHL</subfield>
            <subfield code="m">14day</subfield>
            <subfield code="z">t</subfield>
        </datafield>
        <datafield tag="949" ind1=" " ind2=" ">
            <subfield code="9">A(01)/R3</subfield>
            <subfield code="b">1779162.4.1</subfield>
            <subfield code="c">c. 1</subfield>
            <subfield code="d">20110508200000</subfield>
            <subfield code="i">1779162</subfield>
            <subfield code="k">unrs</subfield>
            <subfield code="l">DHL</subfield>
            <subfield code="m">14day</subfield>
            <subfield code="z">t</subfield>
        </datafield>
        <datafield tag="949" ind1=" " ind2=" ">
            <subfield code="9">A(01)/R3</subfield>
            <subfield code="b">1779159.1.1</subfield>
            <subfield code="c">c. 1</subfield>
            <subfield code="d">20110508200000</subfield>
            <subfield code="i">1779159</subfield>
            <subfield code="k">unas</subfield>
            <subfield code="l">DHL</subfield>
            <subfield code="m">14day</subfield>
            <subfield code="z">t</subfield>
        </datafield>
        <datafield tag="949" ind1=" " ind2=" ">
            <subfield code="9">A(01)/R3</subfield>
            <subfield code="b">10000000943117</subfield>
            <subfield code="c">c. 1</subfield>
            <subfield code="d">20110508200000</subfield>
            <subfield code="i">1779158</subfield>
            <subfield code="k">unes</subfield>
            <subfield code="l">DHL</subfield>
            <subfield code="m">14day</subfield>
            <subfield code="z">t</subfield>
        </datafield>
        <datafield tag="949" ind1=" " ind2=" ">
            <subfield code="9">A(01)/R3</subfield>
            <subfield code="b">1779163.5.1</subfield>
            <subfield code="c">c. 1</subfield>
            <subfield code="d">20110508200000</subfield>
            <subfield code="i">1779163</subfield>
            <subfield code="k">unss</subfield>
            <subfield code="l">DHL</subfield>
            <subfield code="m">14day</subfield>
            <subfield code="z">t</subfield>
        </datafield>
        <datafield tag="949" ind1=" " ind2=" ">
            <subfield code="9">A(01)/R3</subfield>
            <subfield code="b">1779160.2.1</subfield>
            <subfield code="c">c. 1</subfield>
            <subfield code="d">20110508200000</subfield>
            <subfield code="i">1779160</subfield>
            <subfield code="k">uncs</subfield>
            <subfield code="l">DHL</subfield>
            <subfield code="m">14day</subfield>
            <subfield code="z">t</subfield>
        </datafield>
        <datafield tag="980" ind1=" " ind2=" ">
            <subfield code="a">BIB</subfield>
        </datafield>
        <datafield tag="989" ind1=" " ind2=" ">
            <subfield code="a">Documents and Publications</subfield>
            <subfield code="b">Meeting Records</subfield>
            <subfield code="c">Verbatim Records</subfield>
        </datafield>
        <datafield tag="991" ind1="1" ind2=" ">
            <subfield code="0">1221278</subfield>
            <subfield code="a">A/65/251</subfield>
            <subfield code="b">3b</subfield>
            <subfield code="c">Report of the Credentials Committee.</subfield>
            <subfield code="d">UN. GENERAL ASSEMBLY (65TH SESS. : 2010-2011). CREDENTIALS COMMITTEE--REPORTS</subfield>
            <subfield code="e">At the 73rd meeting, draft resolution in A/65/583/Rev.1 entitled "Credentials of representatives to the 65th session of the General Assembly" was adopted without vote: resolution 65/237</subfield>
            <subfield code="z">I</subfield>
        </datafield>
        <datafield tag="991" ind1="1" ind2=" ">
            <subfield code="0">1222005</subfield>
            <subfield code="a">A/65/251</subfield>
            <subfield code="b">115</subfield>
            <subfield code="c">Follow-up to the outcome of the Millennium Summit.</subfield>
            <subfield code="d">MILLENNIUM SUMMIT (2000 : NEW YORK)--FOLLOW-UP</subfield>
            <subfield code="e">At the 73rd meeting, draft resolution A/65/L.50 was adopted without vote: resolution 65/238</subfield>
            <subfield code="z">I</subfield>
        </datafield>
        <datafield tag="991" ind1="1" ind2=" ">
            <subfield code="0">1222006</subfield>
            <subfield code="a">A/65/251</subfield>
            <subfield code="b">116</subfield>
            <subfield code="c">Follow-up to the commemoration of the 200th anniversary of the abolition of the transatlantic slave trade.</subfield>
            <subfield code="d">SLAVERY--ANNIVERSARY (200TH)</subfield>
            <subfield code="e">At the 73rd meeting, draft resolution A/65/L.36, as orally revised, was adopted without vote: resolution 65/239</subfield>
            <subfield code="z">I</subfield>
        </datafield>
        <datafield tag="991" ind1="1" ind2=" ">
            <subfield code="0">1221494</subfield>
            <subfield code="a">A/65/251</subfield>
            <subfield code="b">66a</subfield>
            <subfield code="c">Elimination of racism, racial discrimination, xenophobia and related intolerance.</subfield>
            <subfield code="d">RACIAL DISCRIMINATION--ELIMINATION</subfield>
            <subfield code="z">I</subfield>
        </datafield>
        <datafield tag="991" ind1="1" ind2=" ">
            <subfield code="0">1221495</subfield>
            <subfield code="a">A/65/251</subfield>
            <subfield code="b">66b</subfield>
            <subfield code="c">Comprehensive implementation of and follow-up to the Durban Declaration and Programme of Action.</subfield>
            <subfield code="d">RACIAL DISCRIMINATION--PROGRAMME IMPLEMENTATION</subfield>
            <subfield code="e">At the 73rd meeting, draft resolution in A/65/454 (originally A/C.3/65/L.60) was adopted (104-22-33): resolution 65/240</subfield>
            <subfield code="z">I</subfield>
        </datafield>
        <datafield tag="991" ind1="1" ind2=" ">
            <subfield code="0">1221513</subfield>
            <subfield code="a">A/65/251</subfield>
            <subfield code="b">68c</subfield>
            <subfield code="c">Human rights situations and reports of special rapporteurs and representatives.</subfield>
            <subfield code="d">HUMAN RIGHTS--REPORTS</subfield>
            <subfield code="z">I</subfield>
        </datafield>
        <datafield tag="991" ind1="1" ind2=" ">
            <subfield code="0">1227598</subfield>
            <subfield code="a">A/65/251</subfield>
            <subfield code="b">68c[5]</subfield>
            <subfield code="d">HUMAN RIGHTS--MYANMAR</subfield>
            <subfield code="e">At the 73rd meeting, draft resolution in A/65/456/Add.3 (originally A/C.3/65/L.48/Rev.1) was adopted (85-26-46): resolution 65/241</subfield>
            <subfield code="z">I</subfield>
        </datafield>
        <datafield tag="991" ind1="1" ind2=" ">
            <subfield code="0">1222019</subfield>
            <subfield code="a">A/65/251</subfield>
            <subfield code="b">122e</subfield>
            <subfield code="c">Cooperation between the United Nations and the Caribbean Community.</subfield>
            <subfield code="d">CARIBBEAN COMMUNITY--UN</subfield>
            <subfield code="e">At the 73rd meeting, draft resolution A/65/L.54 was adopted without vote: resolution 65/242</subfield>
            <subfield code="z">I</subfield>
        </datafield>
        <datafield tag="991" ind1="1" ind2=" ">
            <subfield code="0">1222048</subfield>
            <subfield code="a">A/65/251</subfield>
            <subfield code="b">127</subfield>
            <subfield code="c">Financial reports and audited financial statements, and reports of the Board of Auditors.</subfield>
            <subfield code="d">UN--FINANCIAL REPORTS</subfield>
            <subfield code="e">At the 73rd meeting, draft resolution in A/65/594 (originally A/C.5/65/L.6) was adopted without vote: resolution 65/243</subfield>
            <subfield code="z">I</subfield>
        </datafield>
        <datafield tag="991" ind1="1" ind2=" ">
            <subfield code="0">1222072</subfield>
            <subfield code="a">A/65/251</subfield>
            <subfield code="b">130</subfield>
            <subfield code="c">Programme planning.</subfield>
            <subfield code="d">UN--PROGRAMME PLANNING</subfield>
            <subfield code="e">At the 73rd meeting, draft resolution in A/65/544 (originally A/C.5/65/L.5) was adopted without vote: resolution 65/244</subfield>
            <subfield code="z">I</subfield>
        </datafield>
        <datafield tag="991" ind1="1" ind2=" ">
            <subfield code="0">1222075</subfield>
            <subfield code="a">A/65/251</subfield>
            <subfield code="b">132</subfield>
            <subfield code="c">Pattern of conferences.</subfield>
            <subfield code="d">UN--CALENDAR OF MEETINGS (2010-2011)</subfield>
            <subfield code="e">At the 73rd meeting, draft resolution in A/65/595 (originally A/C.5/65/L.7) was adopted without vote: resolution 65/245</subfield>
            <subfield code="z">I</subfield>
        </datafield>
        <datafield tag="991" ind1="1" ind2=" ">
            <subfield code="0">1222076</subfield>
            <subfield code="a">A/65/251</subfield>
            <subfield code="b">133</subfield>
            <subfield code="c">Scale of assessments for the apportionment of the expenses of the United Nations.</subfield>
            <subfield code="d">UN--BUDGET CONTRIBUTIONS</subfield>
            <subfield code="e">At the 73rd meeting, draft resolution in A/65/492/Add.1 (originally A/C.5/65/L.3) was adopted without vote: resolution 65/246</subfield>
            <subfield code="z">I</subfield>
        </datafield>
        <datafield tag="991" ind1="1" ind2=" ">
            <subfield code="0">1222077</subfield>
            <subfield code="a">A/65/251</subfield>
            <subfield code="b">134</subfield>
            <subfield code="c">Human resources management.</subfield>
            <subfield code="d">UN--HUMAN RESOURCES MANAGEMENT</subfield>
            <subfield code="e">At the 73rd meeting, draft resolution in A/65/647 (originally A/C.5/65/L.15) was adopted without vote: resolution 65/247</subfield>
            <subfield code="z">I</subfield>
        </datafield>
        <datafield tag="991" ind1="1" ind2=" ">
            <subfield code="0">1222079</subfield>
            <subfield code="a">A/65/251</subfield>
            <subfield code="b">136</subfield>
            <subfield code="c">United Nations common system.</subfield>
            <subfield code="d">PERSONNEL QUESTIONS--UN SYSTEM</subfield>
            <subfield code="e">At the 73rd meeting, draft resolution in A/65/648 (originally A/C.5/65/L.16) was adopted without vote: resolution 65/248</subfield>
            <subfield code="z">I</subfield>
        </datafield>
        <datafield tag="991" ind1="1" ind2=" ">
            <subfield code="0">1222086</subfield>
            <subfield code="a">A/65/251</subfield>
            <subfield code="b">137</subfield>
            <subfield code="c">United Nations pension system.</subfield>
            <subfield code="d">PENSIONS--UN SYSTEM</subfield>
            <subfield code="e">At the 73rd meeting, draft resolution in A/65/633 (originally A/C.5/65/L.8) was adopted without vote: resolution 65/249</subfield>
            <subfield code="z">I</subfield>
        </datafield>
        <datafield tag="991" ind1="1" ind2=" ">
            <subfield code="0">1222085</subfield>
            <subfield code="a">A/65/251</subfield>
            <subfield code="b">138</subfield>
            <subfield code="c">Administrative and budgetary coordination of the United Nations with the specialized agencies and the International Atomic Energy Agency.</subfield>
            <subfield code="d">ADMINISTRATIVE AND BUDGETARY COORDINATION--UN SYSTEM</subfield>
            <subfield code="e">At the 73rd meeting, draft decision in A/65/543 (originally A/C.5/65/L.4) was adopted without vote: decision 65/541</subfield>
            <subfield code="z">I</subfield>
        </datafield>
        <datafield tag="991" ind1="1" ind2=" ">
            <subfield code="0">1222070</subfield>
            <subfield code="a">A/65/251</subfield>
            <subfield code="b">128</subfield>
            <subfield code="c">Review of the efficiency of the administrative and financial functioning of the United Nations.</subfield>
            <subfield code="d">UN--ADMINISTRATION</subfield>
            <subfield code="e">At the 73rd meeting, action on draft resolutions in A/65/645 was as follows: draft resolution I (originally A/C.5/65/L.24), adopted without vote: resolution 65/261; draft resolution II (originally A/C.5/65/L.25), adopted without vote: resolution 65/262; draft resolution in A/65/649 (originally A/C.5/65/L.9), adopted without vote: resolution 65/250</subfield>
            <subfield code="z">I</subfield>
        </datafield>
        <datafield tag="991" ind1="1" ind2=" ">
            <subfield code="0">1222087</subfield>
            <subfield code="a">A/65/251</subfield>
            <subfield code="b">139</subfield>
            <subfield code="c">Report on the activities of the Office of Internal Oversight Services.</subfield>
            <subfield code="d">UN. OFFICE OF INTERNAL OVERSIGHT SERVICES--ACTIVITIES</subfield>
            <subfield code="e">At the 73rd meeting, draft resolution in A/65/649 (originally A/C.5/65/L.9) was adopted without vote: resolution 65/250</subfield>
            <subfield code="z">I</subfield>
        </datafield>
        <datafield tag="991" ind1="1" ind2=" ">
            <subfield code="0">1222089</subfield>
            <subfield code="a">A/65/251</subfield>
            <subfield code="b">140</subfield>
            <subfield code="c">Administration of justice at the United Nations.</subfield>
            <subfield code="d">ADMINISTRATION OF JUSTICE</subfield>
            <subfield code="e">At the 73rd meeting, draft resolution in A/65/650 (originally A/C.5/65/L.17) was adopted without vote: resolution 65/251</subfield>
            <subfield code="z">I</subfield>
        </datafield>
        <datafield tag="991" ind1="1" ind2=" ">
            <subfield code="0">1222090</subfield>
            <subfield code="a">A/65/251</subfield>
            <subfield code="b">141</subfield>
            <subfield code="c">Financing of the International Criminal Tribunal for the Prosecution of Persons Responsible for Genocide and Other Serious Violations of International Humanitarian Law Committed in the Territory of Rwanda and Rwandan Citizens Responsible for Genocide and Other Such Violations Committed in the Territory of Neighbouring States between 1 January and 31 December 1994.</subfield>
            <subfield code="d">INTERNATIONAL TRIBUNAL--RWANDA--FINANCING</subfield>
            <subfield code="e">At the 73rd meeting, draft resolution in A/65/651 (originally A/C.5/65/L.18) was adopted without vote: resolution 65/252</subfield>
            <subfield code="z">I</subfield>
        </datafield>
        <datafield tag="991" ind1="1" ind2=" ">
            <subfield code="0">1222091</subfield>
            <subfield code="a">A/65/251</subfield>
            <subfield code="b">142</subfield>
            <subfield code="c">Financing of the International Tribunal for the Prosecution of Persons Responsible for Serious Violations of International Humanitarian Law Committed in the Territory of the Former Yugoslavia since 1991.</subfield>
            <subfield code="d">INTERNATIONAL TRIBUNAL--FORMER YUGOSLAVIA--FINANCING</subfield>
            <subfield code="e">At the 73rd meeting, draft resolution in A/65/652 (originally A/C.5/65/L.19) was adopted without vote: resolution 65/253</subfield>
            <subfield code="z">I</subfield>
        </datafield>
        <datafield tag="991" ind1="1" ind2=" ">
            <subfield code="0">1222094</subfield>
            <subfield code="a">A/65/251</subfield>
            <subfield code="b">144</subfield>
            <subfield code="c">Financing of the United Nations Mission in the Central African Republic and Chad.</subfield>
            <subfield code="d">UN MISSION IN THE CENTRAL AFRICAN REPUBLIC AND CHAD--FINANCING</subfield>
            <subfield code="e">At the 73rd meeting, draft resolution in A/65/653 (originally A/C.5/65/L.11) was adopted without vote: resolution 65/254</subfield>
            <subfield code="z">I</subfield>
        </datafield>
        <datafield tag="991" ind1="1" ind2=" ">
            <subfield code="0">1222097</subfield>
            <subfield code="a">A/65/251</subfield>
            <subfield code="b">147</subfield>
            <subfield code="c">Financing of the United Nations Organization Mission in the Democratic Republic of the Congo.</subfield>
            <subfield code="d">UN ORGANIZATION MISSION IN THE DEMOCRATIC REPUBLIC OF THE CONGO--FINANCING</subfield>
            <subfield code="e">At the 73rd meeting, draft resolution in A/65/654 (originally A/C.5/65/L.12) was adopted without vote: resolution 65/255</subfield>
            <subfield code="z">I</subfield>
        </datafield>
        <datafield tag="991" ind1="1" ind2=" ">
            <subfield code="0">1226031</subfield>
            <subfield code="a">A/65/251</subfield>
            <subfield code="b">148</subfield>
            <subfield code="c">Financing of the United Nations Organization Stabilization Mission in the Democratic Republic of the Congo.</subfield>
            <subfield code="d">UN ORGANIZATION STABILIZATION MISSION IN THE DEMOCRATIC REPUBLIC OF THE CONGO--FINANCING</subfield>
            <subfield code="e">At the 73rd meeting, draft resolution in A/65/654 (originally A/C.5/65/L.12) was adopted without vote: resolution 65/255</subfield>
            <subfield code="z">I</subfield>
        </datafield>
        <datafield tag="991" ind1="1" ind2=" ">
            <subfield code="0">1222103</subfield>
            <subfield code="a">A/65/251</subfield>
            <subfield code="b">153</subfield>
            <subfield code="c">Financing of the United Nations Stabilization Mission in Haiti.</subfield>
            <subfield code="d">UN STABILIZATION MISSION IN HAITI--FINANCING</subfield>
            <subfield code="e">At the 73rd meeting, draft resolution in A/65/655 (originally A/C.5/65/L.13) was adopted without vote: resolution 65/256</subfield>
            <subfield code="z">I</subfield>
        </datafield>
        <datafield tag="991" ind1="1" ind2=" ">
            <subfield code="0">1222109</subfield>
            <subfield code="a">A/65/251</subfield>
            <subfield code="b">157</subfield>
            <subfield code="c">Financing of the United Nations Mission in the Sudan.</subfield>
            <subfield code="d">UN MISSION IN THE SUDAN--FINANCING</subfield>
            <subfield code="e">At the 73rd meeting, draft resolution in A/65/656 (originally A/C.5/65/L.14) was adopted without vote: resolution 65/257</subfield>
            <subfield code="z">I</subfield>
        </datafield>
        <datafield tag="991" ind1="1" ind2=" ">
            <subfield code="0">1222071</subfield>
            <subfield code="a">A/65/251</subfield>
            <subfield code="b">129</subfield>
            <subfield code="c">Programme budget for the biennium 2010-2011.</subfield>
            <subfield code="d">UN--BUDGET (2010-2011)</subfield>
            <subfield code="e">At the 73rd meeting, draft resolution in A/65/646 (originally A/C.5/65/L.21) was adopted without vote: resolution 65/258; draft resolution I in A/65/646/Add.1 (originally A/C.5/65/L.22), was adopted (142-1-3): resolution 65/259; at the same meeting, action on draft resolutions and decisions in A/C.5/65/L.23 was as follows: draft resolution II entitled "Programme budget for the biennium 2010-2011", adopted without vote: resolution 65/260; draft decision I entitled "United Nations Fund for International Partnerships", adopted without vote: decision 65/542; draft decision II (originally A/C.5/65/L.10), adopted without vote: decision 65/543</subfield>
            <subfield code="z">I</subfield>
        </datafield>
        <datafield tag="991" ind1="1" ind2=" ">
            <subfield code="0">1221282</subfield>
            <subfield code="a">A/65/251</subfield>
            <subfield code="b">7</subfield>
            <subfield code="c">Organization of work, adoption of the agenda and allocation of items : reports of the General Committee.</subfield>
            <subfield code="d">UN. GENERAL ASSEMBLY (65TH SESS. : 2010-2011)--AGENDA</subfield>
            <subfield code="e">At the 73rd meeting, the Assembly decided that the following items on the agenda remain open for consideration during the 65th session: agenda items 9, 10, 12 to 15, 20 (i), 26, 29, 30, 33, 34, 36 to 40, 42 to 48, 51, 53, 60, 62, 63, 66, 69, 107 to 109, 112 (a) and (c), 113 (f), 114 to 121, 122 (a), (b), (i), (l), (n), (q), (r), (t) and (w), 123, 125 to 160 and 162: decision 65/544</subfield>
            <subfield code="z">I</subfield>
        </datafield>
        <datafield tag="992" ind1=" " ind2=" ">
            <subfield code="a">20101223</subfield>
        </datafield>
        <datafield tag="998" ind1=" " ind2=" ">
            <subfield code="a">20110509051400</subfield>
            <subfield code="b">pnser</subfield>
            <subfield code="c">20120221055400</subfield>
            <subfield code="d">vwcat2</subfield>
        </datafield>
        <datafield tag="999" ind1=" " ind2=" ">
            <subfield code="a">jmr20110509</subfield>
            <subfield code="b">20110509</subfield>
            <subfield code="c">r</subfield>
        </datafield>
        <datafield tag="999" ind1=" " ind2=" ">
            <subfield code="a">pnq20110509</subfield>
            <subfield code="b">20110509</subfield>
            <subfield code="c">q</subfield>
        </datafield>
        <datafield tag="999" ind1=" " ind2=" ">
            <subfield code="a">skic20110509</subfield>
            <subfield code="b">20110509</subfield>
            <subfield code="c">c</subfield>
        </datafield>
        <datafield tag="999" ind1=" " ind2=" ">
            <subfield code="a">vwt20110511</subfield>
            <subfield code="b">20110511</subfield>
            <subfield code="c">t</subfield>
        </datafield>
        <datafield tag="999" ind1=" " ind2=" ">
            <subfield code="a">vwu20120213</subfield>
            <subfield code="b">20120213</subfield>
            <subfield code="c">u</subfield>
        </datafield>
        <datafield tag="999" ind1=" " ind2=" ">
            <subfield code="a">vwu20120217</subfield>
            <subfield code="b">20120217</subfield>
            <subfield code="c">u</subfield>
        </datafield>
        <datafield tag="999" ind1=" " ind2=" ">
            <subfield code="a">vwu20120221</subfield>
            <subfield code="b">20120221</subfield>
            <subfield code="c">u</subfield>
        </datafield>
    </record>