

    
    <record>
        <controlfield tag="001">702511</controlfield>
        <controlfield tag="000">00000nam\\2200025#a\4500</controlfield>
        <controlfield tag="005">20170412204241.0</controlfield>
        <controlfield tag="008">110505s2011\\\\usa\\\\#r\\\\\|||1|\eng\d</controlfield>
        <datafield tag="029" ind1=" " ind2=" ">
            <subfield code="a">JN</subfield>
            <subfield code="b">N1068040 E</subfield>
        </datafield>
        <datafield tag="035" ind1=" " ind2=" ">
            <subfield code="a">D0380159</subfield>
        </datafield>
        <datafield tag="035" ind1=" " ind2=" ">
            <subfield code="a">(DHL)945882</subfield>
        </datafield>
        <datafield tag="039" ind1=" " ind2=" ">
            <subfield code="a">DHU</subfield>
        </datafield>
        <datafield tag="040" ind1=" " ind2=" ">
            <subfield code="a">NNUN</subfield>
            <subfield code="b">eng</subfield>
        </datafield>
        <datafield tag="041" ind1=" " ind2=" ">
            <subfield code="a">arachiengfrerusspa</subfield>
        </datafield>
        <datafield tag="049" ind1=" " ind2=" ">
            <subfield code="a">usa</subfield>
        </datafield>
        <datafield tag="089" ind1=" " ind2=" ">
            <subfield code="b">B03</subfield>
        </datafield>
        <datafield tag="089" ind1=" " ind2=" ">
            <subfield code="b">B07</subfield>
        </datafield>
        <datafield tag="091" ind1=" " ind2=" ">
            <subfield code="a">GEN</subfield>
        </datafield>
        <datafield tag="099" ind1=" " ind2=" ">
            <subfield code="a">UNH</subfield>
            <subfield code="b">DHU</subfield>
            <subfield code="c">A(01)/R3</subfield>
            <subfield code="q">A01R3</subfield>
        </datafield>
        <datafield tag="191" ind1=" " ind2=" ">
            <subfield code="0">1221254</subfield>
            <subfield code="9">G88</subfield>
            <subfield code="a">A/65/PV.60</subfield>
            <subfield code="b">A/</subfield>
            <subfield code="c">65</subfield>
            <subfield code="q">A65PV60</subfield>
            <subfield code="r">A65</subfield>
        </datafield>
        <datafield tag="245" ind1="1" ind2="0">
            <subfield code="a">General Assembly official records, 65th session :</subfield>
            <subfield code="b">60th plenary meeting, Wednesday, 8 December 2010, New York</subfield>
        </datafield>
        <datafield tag="260" ind1=" " ind2=" ">
            <subfield code="a">[New York] :</subfield>
            <subfield code="b">UN,</subfield>
            <subfield code="c">[2011]</subfield>
        </datafield>
        <datafield tag="269" ind1=" " ind2=" ">
            <subfield code="a">2011</subfield>
        </datafield>
        <datafield tag="300" ind1=" " ind2=" ">
            <subfield code="a">40 p.</subfield>
        </datafield>
        <datafield tag="495" ind1=" " ind2=" ">
            <subfield code="a">GAOR, 65th sess., Meeting records</subfield>
        </datafield>
        <datafield tag="610" ind1="2" ind2="7">
            <subfield code="0">864478</subfield>
            <subfield code="2">unbisn</subfield>
            <subfield code="a">UN System</subfield>
        </datafield>
        <datafield tag="650" ind1="1" ind2="7">
            <subfield code="0">1277950</subfield>
            <subfield code="2">unbist</subfield>
            <subfield code="a">INTERNATIONAL SECURITY</subfield>
        </datafield>
        <datafield tag="650" ind1="1" ind2="7">
            <subfield code="0">1277989</subfield>
            <subfield code="2">unbist</subfield>
            <subfield code="a">DISARMAMENT</subfield>
        </datafield>
        <datafield tag="650" ind1="1" ind2="7">
            <subfield code="0">1278032</subfield>
            <subfield code="2">unbist</subfield>
            <subfield code="a">NUCLEAR NON-PROLIFERATION</subfield>
        </datafield>
        <datafield tag="650" ind1="2" ind2="7">
            <subfield code="0">1278051</subfield>
            <subfield code="2">unbist</subfield>
            <subfield code="a">WEAPONS OF MASS DESTRUCTION</subfield>
        </datafield>
        <datafield tag="650" ind1="2" ind2="7">
            <subfield code="0">1278010</subfield>
            <subfield code="2">unbist</subfield>
            <subfield code="a">MILITARY EXPENDITURES</subfield>
        </datafield>
        <datafield tag="650" ind1="2" ind2="7">
            <subfield code="0">1278036</subfield>
            <subfield code="2">unbist</subfield>
            <subfield code="a">NUCLEAR-WEAPON-FREE ZONES</subfield>
        </datafield>
        <datafield tag="650" ind1="2" ind2="7">
            <subfield code="0">1282055</subfield>
            <subfield code="2">unbist</subfield>
            <subfield code="a">OUTER SPACE</subfield>
        </datafield>
        <datafield tag="650" ind1="2" ind2="7">
            <subfield code="0">1282430</subfield>
            <subfield code="2">unbist</subfield>
            <subfield code="a">ARMS LIMITATION</subfield>
        </datafield>
        <datafield tag="650" ind1="2" ind2="7">
            <subfield code="0">1281762</subfield>
            <subfield code="2">unbist</subfield>
            <subfield code="a">SCIENCE AND TECHNOLOGY</subfield>
        </datafield>
        <datafield tag="650" ind1="2" ind2="7">
            <subfield code="0">1283033</subfield>
            <subfield code="2">unbist</subfield>
            <subfield code="a">REGIONAL DISARMAMENT</subfield>
        </datafield>
        <datafield tag="650" ind1="2" ind2="7">
            <subfield code="0">1282694</subfield>
            <subfield code="2">unbist</subfield>
            <subfield code="a">CONFIDENCE-BUILDING MEASURES</subfield>
        </datafield>
        <datafield tag="650" ind1="2" ind2="7">
            <subfield code="0">1282719</subfield>
            <subfield code="2">unbist</subfield>
            <subfield code="a">LANDMINES</subfield>
        </datafield>
        <datafield tag="650" ind1="2" ind2="7">
            <subfield code="0">1284405</subfield>
            <subfield code="2">unbist</subfield>
            <subfield code="a">SMALL ARMS</subfield>
        </datafield>
        <datafield tag="650" ind1="2" ind2="7">
            <subfield code="0">1277981</subfield>
            <subfield code="2">unbist</subfield>
            <subfield code="a">CHEMICAL AND BIOLOGICAL WARFARE</subfield>
        </datafield>
        <datafield tag="650" ind1="2" ind2="7">
            <subfield code="0">1283985</subfield>
            <subfield code="2">unbist</subfield>
            <subfield code="a">DISARMAMENT-DEVELOPMENT LINK</subfield>
        </datafield>
        <datafield tag="650" ind1="2" ind2="7">
            <subfield code="0">1284215</subfield>
            <subfield code="2">unbist</subfield>
            <subfield code="a">ENVIRONMENTAL STANDARDS</subfield>
        </datafield>
        <datafield tag="650" ind1="2" ind2="7">
            <subfield code="0">1284042</subfield>
            <subfield code="2">unbist</subfield>
            <subfield code="a">MULTILATERALISM</subfield>
        </datafield>
        <datafield tag="650" ind1="2" ind2="7">
            <subfield code="0">1284465</subfield>
            <subfield code="2">unbist</subfield>
            <subfield code="a">DEPLETED URANIUM</subfield>
        </datafield>
        <datafield tag="650" ind1="2" ind2="7">
            <subfield code="0">1277888</subfield>
            <subfield code="2">unbist</subfield>
            <subfield code="a">TERRORISM</subfield>
        </datafield>
        <datafield tag="650" ind1="2" ind2="7">
            <subfield code="0">1277978</subfield>
            <subfield code="2">unbist</subfield>
            <subfield code="a">BALLISTIC MISSILES</subfield>
        </datafield>
        <datafield tag="650" ind1="2" ind2="7">
            <subfield code="0">1284277</subfield>
            <subfield code="2">unbist</subfield>
            <subfield code="a">GOVERNANCE</subfield>
        </datafield>
        <datafield tag="650" ind1="2" ind2="7">
            <subfield code="0">1281218</subfield>
            <subfield code="2">unbist</subfield>
            <subfield code="a">LEADERSHIP</subfield>
        </datafield>
        <datafield tag="793" ind1=" " ind2=" ">
            <subfield code="a">PL</subfield>
        </datafield>
        <datafield tag="856" ind1="4" ind2=" ">
            <subfield code="s">526552</subfield>
            <subfield code="u">http://digitallibrary.un.org/record/702511/files/A_65_PV.60-AR.pdf</subfield>
            <subfield code="y">العربية</subfield>
        </datafield>
        <datafield tag="856" ind1="4" ind2=" ">
            <subfield code="s">413386</subfield>
            <subfield code="u">http://digitallibrary.un.org/record/702511/files/A_65_PV.60-ZH.pdf</subfield>
            <subfield code="y">中文</subfield>
        </datafield>
        <datafield tag="856" ind1="4" ind2=" ">
            <subfield code="s">225273</subfield>
            <subfield code="u">http://digitallibrary.un.org/record/702511/files/A_65_PV.60-EN.pdf</subfield>
            <subfield code="y">English</subfield>
        </datafield>
        <datafield tag="856" ind1="4" ind2=" ">
            <subfield code="s">237599</subfield>
            <subfield code="u">http://digitallibrary.un.org/record/702511/files/A_65_PV.60-FR.pdf</subfield>
            <subfield code="y">Français</subfield>
        </datafield>
        <datafield tag="856" ind1="4" ind2=" ">
            <subfield code="s">681366</subfield>
            <subfield code="u">http://digitallibrary.un.org/record/702511/files/A_65_PV.60-RU.pdf</subfield>
            <subfield code="y">Русский</subfield>
        </datafield>
        <datafield tag="856" ind1="4" ind2=" ">
            <subfield code="s">337196</subfield>
            <subfield code="u">http://digitallibrary.un.org/record/702511/files/A_65_PV.60-ES.pdf</subfield>
            <subfield code="y">Español</subfield>
        </datafield>
        <datafield tag="930" ind1=" " ind2=" ">
            <subfield code="a">UNDMY11</subfield>
        </datafield>
        <datafield tag="949" ind1=" " ind2=" ">
            <subfield code="9">A(01)/R3</subfield>
            <subfield code="b">1778602.2.1</subfield>
            <subfield code="c">c. 1</subfield>
            <subfield code="d">20110504200000</subfield>
            <subfield code="i">1778602</subfield>
            <subfield code="k">uncs</subfield>
            <subfield code="l">DHL</subfield>
            <subfield code="m">14day</subfield>
            <subfield code="z">t</subfield>
        </datafield>
        <datafield tag="949" ind1=" " ind2=" ">
            <subfield code="9">A(01)/R3</subfield>
            <subfield code="b">1778603.3.1</subfield>
            <subfield code="c">c. 1</subfield>
            <subfield code="d">20110504200000</subfield>
            <subfield code="i">1778603</subfield>
            <subfield code="k">unfs</subfield>
            <subfield code="l">DHL</subfield>
            <subfield code="m">14day</subfield>
            <subfield code="z">t</subfield>
        </datafield>
        <datafield tag="949" ind1=" " ind2=" ">
            <subfield code="9">A(01)/R3</subfield>
            <subfield code="b">1778604.4.1</subfield>
            <subfield code="c">c. 1</subfield>
            <subfield code="d">20110504200000</subfield>
            <subfield code="i">1778604</subfield>
            <subfield code="k">unrs</subfield>
            <subfield code="l">DHL</subfield>
            <subfield code="m">14day</subfield>
            <subfield code="z">t</subfield>
        </datafield>
        <datafield tag="949" ind1=" " ind2=" ">
            <subfield code="9">A(01)/R3</subfield>
            <subfield code="b">1778601.1.1</subfield>
            <subfield code="c">c. 1</subfield>
            <subfield code="d">20110504200000</subfield>
            <subfield code="i">1778601</subfield>
            <subfield code="k">unas</subfield>
            <subfield code="l">DHL</subfield>
            <subfield code="m">14day</subfield>
            <subfield code="z">t</subfield>
        </datafield>
        <datafield tag="949" ind1=" " ind2=" ">
            <subfield code="9">A(01)/R3</subfield>
            <subfield code="b">10000009458821</subfield>
            <subfield code="c">c. 1</subfield>
            <subfield code="d">20110504200000</subfield>
            <subfield code="i">1778600</subfield>
            <subfield code="k">unes</subfield>
            <subfield code="l">DHL</subfield>
            <subfield code="m">14day</subfield>
            <subfield code="z">t</subfield>
        </datafield>
        <datafield tag="949" ind1=" " ind2=" ">
            <subfield code="9">A(01)/R3</subfield>
            <subfield code="b">1778605.5.1</subfield>
            <subfield code="c">c. 1</subfield>
            <subfield code="d">20110504200000</subfield>
            <subfield code="i">1778605</subfield>
            <subfield code="k">unss</subfield>
            <subfield code="l">DHL</subfield>
            <subfield code="m">14day</subfield>
            <subfield code="z">t</subfield>
        </datafield>
        <datafield tag="980" ind1=" " ind2=" ">
            <subfield code="a">BIB</subfield>
        </datafield>
        <datafield tag="989" ind1=" " ind2=" ">
            <subfield code="a">Documents and Publications</subfield>
            <subfield code="b">Meeting Records</subfield>
            <subfield code="c">Verbatim Records</subfield>
        </datafield>
        <datafield tag="991" ind1="1" ind2=" ">
            <subfield code="0">1221877</subfield>
            <subfield code="a">A/65/251</subfield>
            <subfield code="b">88</subfield>
            <subfield code="c">Reduction of military budgets.</subfield>
            <subfield code="d">MILITARY BUDGETS</subfield>
            <subfield code="e">At the 60th meeting, the Assembly took note of the report of the 1st Committee (A/65/401): decision 65/514</subfield>
            <subfield code="z">I</subfield>
        </datafield>
        <datafield tag="991" ind1="1" ind2=" ">
            <subfield code="0">1221879</subfield>
            <subfield code="a">A/65/251</subfield>
            <subfield code="b">89</subfield>
            <subfield code="c">African Nuclear-Weapon-Free Zone Treaty.</subfield>
            <subfield code="d">NUCLEAR-WEAPON-FREE ZONE--AFRICA</subfield>
            <subfield code="e">At the 60th meeting, draft resolution in A/65/402 (originally A/C.1/65/L.54) was adopted without vote: resolution 65/39</subfield>
            <subfield code="z">I</subfield>
        </datafield>
        <datafield tag="991" ind1="1" ind2=" ">
            <subfield code="0">1221890</subfield>
            <subfield code="a">A/65/251</subfield>
            <subfield code="b">90</subfield>
            <subfield code="c">Consolidation of the regime established by the Treaty for the Prohibition of Nuclear Weapons in Latin America and the Caribbean (Treaty of Tlatelolco).</subfield>
            <subfield code="d">NUCLEAR-WEAPON-FREE ZONE--LATIN AMERICA AND THE CARIBBEAN</subfield>
            <subfield code="e">At the 60th meeting, draft resolution in A/65/403 (originally A/C.1/65/L.51) was adopted without vote: resolution 65/40</subfield>
            <subfield code="z">I</subfield>
        </datafield>
        <datafield tag="991" ind1="1" ind2=" ">
            <subfield code="0">1221891</subfield>
            <subfield code="a">A/65/251</subfield>
            <subfield code="b">91</subfield>
            <subfield code="c">Maintenance of international security - good-neighbourliness, stability and development in South-Eastern Europe.</subfield>
            <subfield code="d">SOUTHEAST EUROPE--REGIONAL SECURITY</subfield>
            <subfield code="e">At the 60th meeting, draft decision in A/65/404 (originally A/C.1/65/L.17) was adopted without vote: decision 65/515</subfield>
            <subfield code="z">I</subfield>
        </datafield>
        <datafield tag="991" ind1="1" ind2=" ">
            <subfield code="0">1221882</subfield>
            <subfield code="a">A/65/251</subfield>
            <subfield code="b">92</subfield>
            <subfield code="c">Developments in the field of information and telecommunications in the context of international security.</subfield>
            <subfield code="d">INFORMATION--INTERNATIONAL SECURITY</subfield>
            <subfield code="e">At the 60th meeting, draft resolution in A/65/405 (originally A/C.1/65/L.37) was adopted without vote: resolution 65/41</subfield>
            <subfield code="z">I</subfield>
        </datafield>
        <datafield tag="991" ind1="1" ind2=" ">
            <subfield code="0">1221880</subfield>
            <subfield code="a">A/65/251</subfield>
            <subfield code="b">93</subfield>
            <subfield code="c">Establishment of a nuclear-weapon-free zone in the region of the Middle East.</subfield>
            <subfield code="d">NUCLEAR-WEAPON-FREE ZONE--MIDDLE EAST</subfield>
            <subfield code="e">At the 60th meeting, draft resolution in A/65/406 (originally A/C.1/65/L.1) was adopted without vote: resolution 65/42</subfield>
            <subfield code="z">I</subfield>
        </datafield>
        <datafield tag="991" ind1="1" ind2=" ">
            <subfield code="0">1221883</subfield>
            <subfield code="a">A/65/251</subfield>
            <subfield code="b">94</subfield>
            <subfield code="c">Conclusion of effective international arrangements to assure non-nuclear-weapon States against the use or threat of use of nuclear weapons.</subfield>
            <subfield code="d">NON-NUCLEAR-WEAPON STATES--SECURITY</subfield>
            <subfield code="e">At the 60th meeting, draft resolution in A/65/407 (originally A/C.1/65/L.5) was adopted (119-0-58): resolution 65/43</subfield>
            <subfield code="z">I</subfield>
        </datafield>
        <datafield tag="991" ind1="1" ind2=" ">
            <subfield code="0">1221884</subfield>
            <subfield code="a">A/65/251</subfield>
            <subfield code="b">95</subfield>
            <subfield code="c">Prevention of an arms race in outer space.</subfield>
            <subfield code="d">ARMS RACE--OUTER SPACE</subfield>
            <subfield code="e">At the 60th meeting, draft resolution in A/65/408 (originally A/C.1/65/L.2) was adopted (178-0-2): resolution 65/44</subfield>
            <subfield code="z">I</subfield>
        </datafield>
        <datafield tag="991" ind1="1" ind2=" ">
            <subfield code="0">1221885</subfield>
            <subfield code="a">A/65/251</subfield>
            <subfield code="b">96</subfield>
            <subfield code="c">Role of science and technology in the context of international security and disarmament.</subfield>
            <subfield code="d">SCIENCE AND TECHNOLOGY--INTERNATIONAL SECURITY</subfield>
            <subfield code="e">At the 60th meeting, draft decision in A/65/409 (originally A/C.1/65/L.40) was adopted without vote: decision 65/516</subfield>
            <subfield code="z">I</subfield>
        </datafield>
        <datafield tag="991" ind1="1" ind2=" ">
            <subfield code="0">1221886</subfield>
            <subfield code="a">A/65/251</subfield>
            <subfield code="b">97</subfield>
            <subfield code="c">General and complete disarmament.</subfield>
            <subfield code="d">DISARMAMENT--GENERAL AND COMPLETE</subfield>
            <subfield code="e">At the 60th meeting, action on draft resolutions in A/65/410 was as follows: draft resolution IV (originally A/C.1/65/L.8), adopted (165-0-17): resolution 65/48; draft resolution XVII (originally A/C.1/65/L.28/Rev.1), adopted without vote: resolution 65/61; draft resolution XXV (originally A/C.1/65/L.39/Rev.1), adopted without vote: resolution 65/69; draft resolution XXVII (originally A/C.1/65/L.42), adopted (157-3-22): resolution 65/71; draft resolution XXIX (originally A/C.1/65/L.45/Rev.1), adopted (162-1-17): resolution 65/73</subfield>
            <subfield code="z">I</subfield>
        </datafield>
        <datafield tag="991" ind1="1" ind2=" ">
            <subfield code="0">1221936</subfield>
            <subfield code="a">A/65/251</subfield>
            <subfield code="b">97aa</subfield>
            <subfield code="c">Nuclear disarmament.</subfield>
            <subfield code="d">NUCLEAR DISARMAMENT</subfield>
            <subfield code="e">At the 60th meeting, draft resolution in A/65/410 (originally A/C.1/65/L.22) was adopted (120-45-18): resolution 65/56</subfield>
            <subfield code="z">I</subfield>
        </datafield>
        <datafield tag="991" ind1="1" ind2=" ">
            <subfield code="0">1221894</subfield>
            <subfield code="a">A/65/251</subfield>
            <subfield code="b">97c</subfield>
            <subfield code="c">Measures to uphold the authority of the 1925 Geneva Protocol.</subfield>
            <subfield code="d">CHEMICAL AND BIOLOGICAL WARFARE--TREATY (1925)</subfield>
            <subfield code="e">At the 60th meeting, draft resolution in A/65/410 (originally A/C.1/65/L.12) was adopted (178-0-4): resolution 65/51</subfield>
            <subfield code="z">I</subfield>
        </datafield>
        <datafield tag="991" ind1="1" ind2=" ">
            <subfield code="0">1221940</subfield>
            <subfield code="a">A/65/251</subfield>
            <subfield code="b">97cc</subfield>
            <subfield code="c">Follow-up to the advisory opinion of the International Court of Justice on the Legality of the Threat or Use of Nuclear Weapons.</subfield>
            <subfield code="d">NUCLEAR WEAPONS USE--ICJ OPINION</subfield>
            <subfield code="e">At the 60th meeting, draft resolution in A/65/410 (originally A/C.1/65/L.50) was adopted (133-28-23): resolution 65/76</subfield>
            <subfield code="z">I</subfield>
        </datafield>
        <datafield tag="991" ind1="1" ind2=" ">
            <subfield code="0">1221895</subfield>
            <subfield code="a">A/65/251</subfield>
            <subfield code="b">97d</subfield>
            <subfield code="c">Effects of the use of armaments and ammunitions containing depleted uranium.</subfield>
            <subfield code="d">DEPLETED URANIUM</subfield>
            <subfield code="e">At the 60th meeting, draft resolution in A/65/410 (originally A/C.1/65/L.19) was adopted (148-4-30): resolution 65/55</subfield>
            <subfield code="z">I</subfield>
        </datafield>
        <datafield tag="991" ind1="1" ind2=" ">
            <subfield code="0">1221941</subfield>
            <subfield code="a">A/65/251</subfield>
            <subfield code="b">97dd</subfield>
            <subfield code="c">Towards a nuclear-weapon-free world : accelerating the implementation of nuclear disarmament commitments.</subfield>
            <subfield code="d">NUCLEAR DISARMAMENT--TREATY COMPLIANCE</subfield>
            <subfield code="e">At the 60th meeting, draft resolution in A/65/410 (originally A/C.1/65/L.25) was adopted (173-5-5): resolution 65/59</subfield>
            <subfield code="z">I</subfield>
        </datafield>
        <datafield tag="991" ind1="1" ind2=" ">
            <subfield code="0">1221896</subfield>
            <subfield code="a">A/65/251</subfield>
            <subfield code="b">97e</subfield>
            <subfield code="c">Missiles.</subfield>
            <subfield code="d">BALLISTIC MISSILES</subfield>
            <subfield code="e">At the 60th meeting, draft decision in A/65/410 (originally A/C.1/65/L.18) was adopted without vote: decision 65/517</subfield>
            <subfield code="z">I</subfield>
        </datafield>
        <datafield tag="991" ind1="1" ind2=" ">
            <subfield code="0">1221942</subfield>
            <subfield code="a">A/65/251</subfield>
            <subfield code="b">97ee</subfield>
            <subfield code="c">Convening of the 4th special session of the General Assembly devoted to disarmament.</subfield>
            <subfield code="d">DISARMAMENT--UN. GENERAL ASSEMBLY (4TH SPECIAL SESS. ON DISARMAMENT : ####)</subfield>
            <subfield code="e">At the 60th meeting, draft resolution in A/65/410 (originally A/C.1/65/L.35) was adopted (178-0-5): resolution 65/66</subfield>
            <subfield code="z">I</subfield>
        </datafield>
        <datafield tag="991" ind1="1" ind2=" ">
            <subfield code="0">1221897</subfield>
            <subfield code="a">A/65/251</subfield>
            <subfield code="b">97f</subfield>
            <subfield code="c">Mongolia's international security and nuclear-weapon-free status.</subfield>
            <subfield code="d">NUCLEAR-WEAPON-FREE ZONE--MONGOLIA</subfield>
            <subfield code="e">At the 60th meeting, draft resolution in A/65/410 (originally A/C.1/65/L.41) was adopted without vote: resolution 65/70</subfield>
            <subfield code="z">I</subfield>
        </datafield>
        <datafield tag="991" ind1="1" ind2=" ">
            <subfield code="0">1221943</subfield>
            <subfield code="a">A/65/251</subfield>
            <subfield code="b">97ff</subfield>
            <subfield code="c">Preventing the acquisition by terrorists of radioactive materials and sources.</subfield>
            <subfield code="d">TERRORISM--RADIOACTIVE MATERIALS</subfield>
            <subfield code="e">At the 60th meeting, draft resolution in A/65/410 (originally A/C.1/65/L.46/Rev.1) was adopted without vote: resolution 65/74</subfield>
            <subfield code="z">I</subfield>
        </datafield>
        <datafield tag="991" ind1="1" ind2=" ">
            <subfield code="0">1221898</subfield>
            <subfield code="a">A/65/251</subfield>
            <subfield code="b">97g</subfield>
            <subfield code="c">Information on confidence-building measures in the field of conventional arms.</subfield>
            <subfield code="d">CONFIDENCE-BUILDING MEASURES--CONVENTIONAL ARMS</subfield>
            <subfield code="e">At the 60th meeting, draft resolution in A/65/410 (originally A/C.1/65/L.31) was adopted without vote: resolution 65/63</subfield>
            <subfield code="z">I</subfield>
        </datafield>
        <datafield tag="991" ind1="1" ind2=" ">
            <subfield code="0">1221899</subfield>
            <subfield code="a">A/65/251</subfield>
            <subfield code="b">97h</subfield>
            <subfield code="c">Consolidation of peace through practical disarmament measures.</subfield>
            <subfield code="d">PEACE--CONVENTIONAL DISARMAMENT</subfield>
            <subfield code="e">At the 60th meeting, draft resolution in A/65/410 (originally A/C.1/65/L.36) was adopted without vote: resolution 65/67</subfield>
            <subfield code="z">I</subfield>
        </datafield>
        <datafield tag="991" ind1="1" ind2=" ">
            <subfield code="0">1221900</subfield>
            <subfield code="a">A/65/251</subfield>
            <subfield code="b">97i</subfield>
            <subfield code="c">Establishment of a nuclear-weapon-free zone in Central Asia.</subfield>
            <subfield code="d">NUCLEAR-WEAPON-FREE ZONE--CENTRAL ASIA</subfield>
            <subfield code="e">At the 60th meeting, draft resolution in A/65/410 (originally A/C.1/65/L.10) was adopted (144-3-36): resolution 65/49</subfield>
            <subfield code="z">I</subfield>
        </datafield>
        <datafield tag="991" ind1="1" ind2=" ">
            <subfield code="0">1221901</subfield>
            <subfield code="a">A/65/251</subfield>
            <subfield code="b">97j</subfield>
            <subfield code="c">Preventing and combating illicit brokering activities.</subfield>
            <subfield code="d">ILLICIT TRAFFIC</subfield>
            <subfield code="e">At the 60th meeting, draft resolution in A/65/410 (originally A/C.1/65/L.49/Rev.1) was adopted (183-1-1): resolution 65/75</subfield>
            <subfield code="z">I</subfield>
        </datafield>
        <datafield tag="991" ind1="1" ind2=" ">
            <subfield code="0">1221904</subfield>
            <subfield code="a">A/65/251</subfield>
            <subfield code="b">97l</subfield>
            <subfield code="c">Treaty banning the production of fissile material for nuclear weapons or other nuclear explosive devices.</subfield>
            <subfield code="d">FISSIONABLE MATERIALS--TREATY (PROPOSED)</subfield>
            <subfield code="e">At the 60th meeting, draft resolution in A/65/410 (originally A/C.1/65/L.33) was adopted (179-1-2): resolution 65/65</subfield>
            <subfield code="z">I</subfield>
        </datafield>
        <datafield tag="991" ind1="1" ind2=" ">
            <subfield code="0">1221902</subfield>
            <subfield code="a">A/65/251</subfield>
            <subfield code="b">97k</subfield>
            <subfield code="c">Disarmament and non-proliferation education.</subfield>
            <subfield code="d">DISARMAMENT EDUCATION</subfield>
            <subfield code="e">At the 60th meeting, draft resolution in A/65/410 (originally A/C.1/65/L.53) was adopted without vote: resolution 65/77</subfield>
            <subfield code="z">I</subfield>
        </datafield>
        <datafield tag="991" ind1="1" ind2=" ">
            <subfield code="0">1221918</subfield>
            <subfield code="a">A/65/251</subfield>
            <subfield code="b">97m</subfield>
            <subfield code="c">Assistance to States for curbing the illicit traffic in small arms and light weapons and collecting them.</subfield>
            <subfield code="d">SMALL ARMS--ILLICIT TRAFFIC--ASSISTANCE</subfield>
            <subfield code="e">At the 60th meeting, draft resolution in A/65/410 (originally A/C.1/65/L.11) was adopted without vote: resolution 65/50</subfield>
            <subfield code="z">I</subfield>
        </datafield>
        <datafield tag="991" ind1="1" ind2=" ">
            <subfield code="0">1221920</subfield>
            <subfield code="a">A/65/251</subfield>
            <subfield code="b">97n</subfield>
            <subfield code="c">Relationship between disarmament and development.</subfield>
            <subfield code="d">DISARMAMENT-DEVELOPMENT LINK</subfield>
            <subfield code="e">At the 60th meeting, draft resolution in A/65/410 (originally A/C.1/65/L.13) was adopted without vote: resolution 65/52</subfield>
            <subfield code="z">I</subfield>
        </datafield>
        <datafield tag="991" ind1="1" ind2=" ">
            <subfield code="0">1221921</subfield>
            <subfield code="a">A/65/251</subfield>
            <subfield code="b">97o</subfield>
            <subfield code="c">Observance of environmental norms in the drafting and implementation of agreements on disarmament and arms control.</subfield>
            <subfield code="d">DISARMAMENT AGREEMENTS--ENVIRONMENT</subfield>
            <subfield code="e">At the 60th meeting, draft resolution in A/65/410 (originally A/C.1/65/L.14) was adopted without vote: resolution 65/53</subfield>
            <subfield code="z">I</subfield>
        </datafield>
        <datafield tag="991" ind1="1" ind2=" ">
            <subfield code="0">1221922</subfield>
            <subfield code="a">A/65/251</subfield>
            <subfield code="b">97p</subfield>
            <subfield code="c">Promotion of multilateralism in the area of disarmament and non-proliferation.</subfield>
            <subfield code="d">MULTILATERALISM--DISARMAMENT</subfield>
            <subfield code="e">At the 60th meeting, draft resolution in A/65/410 (originally A/C.1/65/L.15) was adopted (129-5-49): resolution 65/54</subfield>
            <subfield code="z">I</subfield>
        </datafield>
        <datafield tag="991" ind1="1" ind2=" ">
            <subfield code="0">1221925</subfield>
            <subfield code="a">A/65/251</subfield>
            <subfield code="b">97q</subfield>
            <subfield code="c">Reducing nuclear danger.</subfield>
            <subfield code="d">NUCLEAR NON-PROLIFERATION</subfield>
            <subfield code="e">At the 60th meeting, draft resolution in A/65/410 (originally A/C.1/65/L.27) was adopted (121-49-14): resolution 65/60</subfield>
            <subfield code="z">I</subfield>
        </datafield>
        <datafield tag="991" ind1="1" ind2=" ">
            <subfield code="0">1221926</subfield>
            <subfield code="a">A/65/251</subfield>
            <subfield code="b">97r</subfield>
            <subfield code="c">Measures to prevent terrorists from acquiring weapons of mass destruction.</subfield>
            <subfield code="d">WEAPONS OF MASS DESTRUCTION--TERRORISM</subfield>
            <subfield code="e">At the 60th meeting, draft resolution in A/65/410 (originally A/C.1/65/L.29) was adopted without vote: resolution 65/62</subfield>
            <subfield code="z">I</subfield>
        </datafield>
        <datafield tag="991" ind1="1" ind2=" ">
            <subfield code="0">1221927</subfield>
            <subfield code="a">A/65/251</subfield>
            <subfield code="b">97s</subfield>
            <subfield code="c">Regional disarmament.</subfield>
            <subfield code="d">REGIONAL DISARMAMENT</subfield>
            <subfield code="e">At the 60th meeting, draft resolution in A/65/410 (originally A/C.1/65/L.4) was adopted without vote: resolution 65/45</subfield>
            <subfield code="z">I</subfield>
        </datafield>
        <datafield tag="991" ind1="1" ind2=" ">
            <subfield code="0">1221939</subfield>
            <subfield code="a">A/65/251</subfield>
            <subfield code="b">97t</subfield>
            <subfield code="c">Conventional arms control at the regional and subregional levels.</subfield>
            <subfield code="d">CONVENTIONAL ARMS--REGIONAL PROGRAMMES</subfield>
            <subfield code="e">At the 60th meeting, draft resolution in A/65/410 (originally A/C.1/65/L.6) was adopted (175-1-2): resolution 65/46</subfield>
            <subfield code="z">I</subfield>
        </datafield>
        <datafield tag="991" ind1="1" ind2=" ">
            <subfield code="0">1221930</subfield>
            <subfield code="a">A/65/251</subfield>
            <subfield code="b">97u</subfield>
            <subfield code="c">Confidence-building measures in the regional and subregional context.</subfield>
            <subfield code="d">CONFIDENCE-BUILDING MEASURES</subfield>
            <subfield code="e">At the 60th meeting, draft resolution in A/65/410 (originally A/C.1/65/L.7) was adopted without vote: resolution 65/47</subfield>
            <subfield code="z">I</subfield>
        </datafield>
        <datafield tag="991" ind1="1" ind2=" ">
            <subfield code="0">1221929</subfield>
            <subfield code="a">A/65/251</subfield>
            <subfield code="b">97v</subfield>
            <subfield code="c">Nuclear-weapon-free southern hemisphere and adjacent areas.</subfield>
            <subfield code="d">NUCLEAR-WEAPON-FREE ZONE--SOUTHERN HEMISPHERE</subfield>
            <subfield code="e">At the 60th meeting, draft resolution in A/65/410 (originally A/C.1/65/L.24) was adopted (174-3-6): resolution 65/58</subfield>
            <subfield code="z">I</subfield>
        </datafield>
        <datafield tag="991" ind1="1" ind2=" ">
            <subfield code="0">1221932</subfield>
            <subfield code="a">A/65/251</subfield>
            <subfield code="b">97w</subfield>
            <subfield code="c">Implementation of the Convention on the Prohibition of the Development, Production, Stockpiling and Use of Chemical Weapons and on Their Destruction.</subfield>
            <subfield code="d">CHEMICAL WEAPONS--TREATY (1993)</subfield>
            <subfield code="e">At the 60th meeting, draft resolution in A/65/410 (originally A/C.1/65/L.23) was adopted without vote: resolution 65/57</subfield>
            <subfield code="z">I</subfield>
        </datafield>
        <datafield tag="991" ind1="1" ind2=" ">
            <subfield code="0">1221933</subfield>
            <subfield code="a">A/65/251</subfield>
            <subfield code="b">97x</subfield>
            <subfield code="c">Renewed determination towards the total elimination of nuclear weapons.</subfield>
            <subfield code="d">NUCLEAR WEAPONS--ELIMINATION</subfield>
            <subfield code="e">At the 60th meeting, draft resolution in A/65/410 (originally A/C.1/65/L.43) was adopted (173-1-11): resolution 65/72</subfield>
            <subfield code="z">I</subfield>
        </datafield>
        <datafield tag="991" ind1="1" ind2=" ">
            <subfield code="0">1221934</subfield>
            <subfield code="a">A/65/251</subfield>
            <subfield code="b">97y</subfield>
            <subfield code="c">Transparency and confidence-building measures in outer space activities.</subfield>
            <subfield code="d">OUTER SPACE--CONFIDENCE-BUILDING MEASURES</subfield>
            <subfield code="e">At the 60th meeting, draft resolution in A/65/410 (originally A/C.1/65/L.38) was adopted (183-0-1): resolution 65/68</subfield>
            <subfield code="z">I</subfield>
        </datafield>
        <datafield tag="991" ind1="1" ind2=" ">
            <subfield code="0">1221935</subfield>
            <subfield code="a">A/65/251</subfield>
            <subfield code="b">97z</subfield>
            <subfield code="c">The illicit trade in small arms and light weapons in all its aspects.</subfield>
            <subfield code="d">SMALL ARMS--ILLICIT TRAFFIC</subfield>
            <subfield code="e">At the 60th meeting, draft resolution in A/65/410 (originally A/C.1/65/L.32) was adopted without vote: resolution 65/64</subfield>
            <subfield code="z">I</subfield>
        </datafield>
        <datafield tag="991" ind1="1" ind2=" ">
            <subfield code="0">1227146</subfield>
            <subfield code="a">A/65/251</subfield>
            <subfield code="b">98</subfield>
            <subfield code="c">Review and implementation of the concluding document of the 12th special session of the General Assembly.</subfield>
            <subfield code="d">DISARMAMENT--UN. GENERAL ASSEMBLY (12TH SPECIAL SESS. : 1982)--FOLLOW-UP</subfield>
            <subfield code="z">I</subfield>
        </datafield>
        <datafield tag="991" ind1="1" ind2=" ">
            <subfield code="0">1221945</subfield>
            <subfield code="a">A/65/251</subfield>
            <subfield code="b">98a</subfield>
            <subfield code="c">United Nations disarmament fellowship, training and advisory services.</subfield>
            <subfield code="d">DISARMAMENT--TRAINING PROGRAMMES</subfield>
            <subfield code="e">At the 60th meeting, draft resolution in A/65/411 (originally A/C.1/65/L.55/Rev.1), as orally amended, was adopted without vote: resolution 65/82</subfield>
            <subfield code="z">I</subfield>
        </datafield>
        <datafield tag="991" ind1="1" ind2=" ">
            <subfield code="0">1221946</subfield>
            <subfield code="a">A/65/251</subfield>
            <subfield code="b">98b</subfield>
            <subfield code="c">United Nations Disarmament Information Programme.</subfield>
            <subfield code="d">DISARMAMENT INFORMATION--UN</subfield>
            <subfield code="e">At the 60th meeting, draft resolution in A/65/411 (originally A/C.1/65/L.52) was adopted without vote: resolution 65/81</subfield>
            <subfield code="z">I</subfield>
        </datafield>
        <datafield tag="991" ind1="1" ind2=" ">
            <subfield code="0">1221947</subfield>
            <subfield code="a">A/65/251</subfield>
            <subfield code="b">98c</subfield>
            <subfield code="c">United Nations regional centres for peace and disarmament.</subfield>
            <subfield code="d">PEACE--REGIONAL CENTRES</subfield>
            <subfield code="e">At the 60th meeting, draft resolution in A/65/411 (originally A/C.1/65/L.16) was adopted without vote: resolution 65/78</subfield>
            <subfield code="z">I</subfield>
        </datafield>
        <datafield tag="991" ind1="1" ind2=" ">
            <subfield code="0">1221948</subfield>
            <subfield code="a">A/65/251</subfield>
            <subfield code="b">98d</subfield>
            <subfield code="c">Convention on the Prohibition of the Use of Nuclear Weapons.</subfield>
            <subfield code="d">NUCLEAR WEAPONS USE--TREATY (DRAFT)</subfield>
            <subfield code="e">At the 60th meeting, draft resolution in A/65/411 (originally A/C.1/65/L.26) was adopted (124-49-11): resolution 65/80</subfield>
            <subfield code="z">I</subfield>
        </datafield>
        <datafield tag="991" ind1="1" ind2=" ">
            <subfield code="0">1221949</subfield>
            <subfield code="a">A/65/251</subfield>
            <subfield code="b">98e</subfield>
            <subfield code="c">United Nations Regional Centre for Peace, Disarmament and Development in Latin America and the Caribbean.</subfield>
            <subfield code="d">PEACE--REGIONAL CENTRE--LATIN AMERICA AND THE CARIBBEAN</subfield>
            <subfield code="e">At the 60th meeting, draft resolution in A/65/411 (originally A/C.1/65/L.21) was adopted without vote: resolution 65/79</subfield>
            <subfield code="z">I</subfield>
        </datafield>
        <datafield tag="991" ind1="1" ind2=" ">
            <subfield code="0">1221950</subfield>
            <subfield code="a">A/65/251</subfield>
            <subfield code="b">98f</subfield>
            <subfield code="c">Regional confidence-building measures : activities of the United Nations Standing Advisory Committee on Security Questions in Central Africa.</subfield>
            <subfield code="d">CONFIDENCE-BUILDING MEASURES--REGIONAL PROGRAMMES--CENTRAL AFRICA</subfield>
            <subfield code="e">At the 60th meeting, draft resolution in A/65/411 (originally A/C.1/65/L.58) was adopted without vote: resolution 65/84</subfield>
            <subfield code="z">I</subfield>
        </datafield>
        <datafield tag="991" ind1="1" ind2=" ">
            <subfield code="0">1221951</subfield>
            <subfield code="a">A/65/251</subfield>
            <subfield code="b">98g</subfield>
            <subfield code="c">United Nations Regional Centre for Peace and Disarmament in Asia and the Pacific.</subfield>
            <subfield code="d">PEACE--REGIONAL CENTRE--ASIA AND THE PACIFIC</subfield>
            <subfield code="e">At the 60th meeting, draft resolution in A/65/411 (originally A/C.1/65/L.56) was adopted without vote: resolution 65/83</subfield>
            <subfield code="z">I</subfield>
        </datafield>
        <datafield tag="991" ind1="1" ind2=" ">
            <subfield code="0">1221953</subfield>
            <subfield code="a">A/65/251</subfield>
            <subfield code="b">99</subfield>
            <subfield code="c">Review of the implementation of the recommendations and decisions adopted by the General Assembly at its 10th special session.</subfield>
            <subfield code="d">DISARMAMENT--UN. GENERAL ASSEMBLY (10TH SPECIAL SESS. : 1978)--FOLLOW-UP</subfield>
            <subfield code="e">At the 60th meeting, draft resolution in A/65/412 (originally A/C.1/65/L.47/Rev.1) was adopted without vote: resolution 65/87</subfield>
            <subfield code="z">I</subfield>
        </datafield>
        <datafield tag="991" ind1="1" ind2=" ">
            <subfield code="0">1221954</subfield>
            <subfield code="a">A/65/251</subfield>
            <subfield code="b">99a</subfield>
            <subfield code="c">Report of the Conference on Disarmament.</subfield>
            <subfield code="d">UN. CONFERENCE ON DISARMAMENT--REPORTS (2010)</subfield>
            <subfield code="e">At the 60th meeting, draft resolution in A/65/412 (originally A/C.1/65/L.57/Rev.1) was adopted without vote: resolution 65/85</subfield>
            <subfield code="z">I</subfield>
        </datafield>
        <datafield tag="991" ind1="1" ind2=" ">
            <subfield code="0">1221955</subfield>
            <subfield code="a">A/65/251</subfield>
            <subfield code="b">99b</subfield>
            <subfield code="c">Report of the Disarmament Commission.</subfield>
            <subfield code="d">UN. DISARMAMENT COMMISSION--REPORTS (2010)</subfield>
            <subfield code="e">At the 60th meeting, draft resolution in A/65/412 (originally A/C.1/65/L.9) was adopted without vote: resolution 65/86</subfield>
            <subfield code="z">I</subfield>
        </datafield>
        <datafield tag="991" ind1="1" ind2=" ">
            <subfield code="0">1221957</subfield>
            <subfield code="a">A/65/251</subfield>
            <subfield code="b">100</subfield>
            <subfield code="c">The risk of nuclear proliferation in the Middle East.</subfield>
            <subfield code="d">NUCLEAR PROLIFERATION--MIDDLE EAST</subfield>
            <subfield code="e">At the 60th meeting, draft resolution in A/65/413 (originally A/C.1/65/L.3) was adopted (172-6-8): resolution 65/88</subfield>
            <subfield code="z">I</subfield>
        </datafield>
        <datafield tag="991" ind1="1" ind2=" ">
            <subfield code="0">1221958</subfield>
            <subfield code="a">A/65/251</subfield>
            <subfield code="b">101</subfield>
            <subfield code="c">Convention on Prohibitions or Restrictions on the Use of Certain Conventional Weapons Which May Be Deemed to Be Excessively Injurious or to Have Indiscriminate Effects.</subfield>
            <subfield code="d">CONVENTIONAL WEAPONS--TREATY (1980)</subfield>
            <subfield code="e">At the 60th meeting, draft resolution in A/65/414 (originally A/C.1/65/L.44) was adopted without vote: resolution 65/89</subfield>
            <subfield code="z">I</subfield>
        </datafield>
        <datafield tag="991" ind1="1" ind2=" ">
            <subfield code="0">1221959</subfield>
            <subfield code="a">A/65/251</subfield>
            <subfield code="b">102</subfield>
            <subfield code="c">Strengthening of security and cooperation in the Mediterranean region.</subfield>
            <subfield code="d">MEDITERRANEAN REGION--REGIONAL SECURITY</subfield>
            <subfield code="e">At the 60th meeting, draft resolution in A/65/415 (originally A/C.1/65/L.30) was adopted without vote: resolution 65/90</subfield>
            <subfield code="z">I</subfield>
        </datafield>
        <datafield tag="991" ind1="1" ind2=" ">
            <subfield code="0">1221960</subfield>
            <subfield code="a">A/65/251</subfield>
            <subfield code="b">103</subfield>
            <subfield code="c">Comprehensive Nuclear-Test-Ban Treaty.</subfield>
            <subfield code="d">NUCLEAR WEAPON TESTS--TREATY</subfield>
            <subfield code="e">At the 60th meeting, draft resolution in A/65/416 (originally A/C.1/65/L.48) was adopted (179-1-3): resolution 65/91</subfield>
            <subfield code="z">I</subfield>
        </datafield>
        <datafield tag="991" ind1="1" ind2=" ">
            <subfield code="0">1221961</subfield>
            <subfield code="a">A/65/251</subfield>
            <subfield code="b">104</subfield>
            <subfield code="c">Convention on the Prohibition of the Development, Production and Stockpiling of Bacteriological (Biological) and Toxin Weapons and on Their Destruction.</subfield>
            <subfield code="d">BIOLOGICAL WEAPONS--TREATY (1972)</subfield>
            <subfield code="e">At the 60th meeting, draft resolution in A/65/417 (originally A/C.1/65/L.20) was adopted without vote: resolution 65/92</subfield>
            <subfield code="z">I</subfield>
        </datafield>
        <datafield tag="991" ind1="1" ind2=" ">
            <subfield code="0">1222010</subfield>
            <subfield code="a">A/65/251</subfield>
            <subfield code="b">118</subfield>
            <subfield code="c">Revitalization of the work of the General Assembly</subfield>
            <subfield code="d">UN. GENERAL ASSEMBLY--WORK PROGRAMME</subfield>
            <subfield code="e">At the 60th meeting, draft decision in A/65/418 entitled "Proposed programme of work and timetable of the 1st Committee for 2011" was adopted without vote: decision 65/518</subfield>
            <subfield code="z">I</subfield>
        </datafield>
        <datafield tag="991" ind1="1" ind2=" ">
            <subfield code="0">1222072</subfield>
            <subfield code="a">A/65/251</subfield>
            <subfield code="b">130</subfield>
            <subfield code="c">Programme planning.</subfield>
            <subfield code="d">UN--PROGRAMME PLANNING</subfield>
            <subfield code="e">At the 60th meeting, the Assembly took note of the report of the 1st Committee (A/65/419): decision 65/519</subfield>
            <subfield code="z">I</subfield>
        </datafield>
        <datafield tag="991" ind1="1" ind2=" ">
            <subfield code="0">1227624</subfield>
            <subfield code="a">A/65/251</subfield>
            <subfield code="b">162</subfield>
            <subfield code="c">Follow-up to the high-level meeting held on 24 September 2010 : revitalizing the work of the Conference on Disarmament and taking forward multilateral disarmament negotiations.</subfield>
            <subfield code="d">UN. CONFERENCE ON DISARMAMENT</subfield>
            <subfield code="e">At the 60th meeting, draft resolution in A/65/536 (originally A/C.1/65/L.34/Rev.1) was adopted without vote: resolution 65/93</subfield>
            <subfield code="z">I</subfield>
        </datafield>
        <datafield tag="991" ind1="1" ind2=" ">
            <subfield code="0">1222012</subfield>
            <subfield code="a">A/65/251</subfield>
            <subfield code="b">120</subfield>
            <subfield code="c">Strengthening of the United Nations System.</subfield>
            <subfield code="d">UN SYSTEM--STRENGTHENING</subfield>
            <subfield code="e">At the 60th meeting, draft resolution A/65/L.28, as orally revised, was adopted without vote: resolution 65/94</subfield>
            <subfield code="z">I</subfield>
        </datafield>
        <datafield tag="992" ind1=" " ind2=" ">
            <subfield code="a">20101208</subfield>
        </datafield>
        <datafield tag="998" ind1=" " ind2=" ">
            <subfield code="a">20110505050800</subfield>
            <subfield code="b">bccat</subfield>
            <subfield code="c">20120206063600</subfield>
            <subfield code="d">vwcat2</subfield>
        </datafield>
        <datafield tag="999" ind1=" " ind2=" ">
            <subfield code="a">jmr20110505</subfield>
            <subfield code="b">20110505</subfield>
            <subfield code="c">r</subfield>
        </datafield>
        <datafield tag="999" ind1=" " ind2=" ">
            <subfield code="a">bcq20110505</subfield>
            <subfield code="b">20110505</subfield>
            <subfield code="c">q</subfield>
        </datafield>
        <datafield tag="999" ind1=" " ind2=" ">
            <subfield code="a">mhc20110505</subfield>
            <subfield code="b">20110505</subfield>
            <subfield code="c">c</subfield>
        </datafield>
        <datafield tag="999" ind1=" " ind2=" ">
            <subfield code="a">vwt20110506</subfield>
            <subfield code="b">20110506</subfield>
            <subfield code="c">t</subfield>
        </datafield>
    </record>