

    
    <record>
        <controlfield tag="001">733854</controlfield>
        <controlfield tag="000">00000nam\\2200025#a\4500</controlfield>
        <controlfield tag="005">20170412204215.0</controlfield>
        <controlfield tag="008">120913s2011\\\\usa\\\\#r\\\\\|||1|\eng\d</controlfield>
        <datafield tag="029" ind1=" " ind2=" ">
            <subfield code="a">JN</subfield>
            <subfield code="b">N1155037 E</subfield>
        </datafield>
        <datafield tag="035" ind1=" " ind2=" ">
            <subfield code="a">D0391761</subfield>
        </datafield>
        <datafield tag="035" ind1=" " ind2=" ">
            <subfield code="a">(DHL)981328</subfield>
        </datafield>
        <datafield tag="039" ind1=" " ind2=" ">
            <subfield code="a">DHU</subfield>
        </datafield>
        <datafield tag="040" ind1=" " ind2=" ">
            <subfield code="a">NNUN</subfield>
            <subfield code="b">eng</subfield>
        </datafield>
        <datafield tag="041" ind1=" " ind2=" ">
            <subfield code="a">arachiengfrerusspa</subfield>
        </datafield>
        <datafield tag="049" ind1=" " ind2=" ">
            <subfield code="a">usa</subfield>
        </datafield>
        <datafield tag="089" ind1=" " ind2=" ">
            <subfield code="b">B03</subfield>
        </datafield>
        <datafield tag="091" ind1=" " ind2=" ">
            <subfield code="a">GEN</subfield>
        </datafield>
        <datafield tag="099" ind1=" " ind2=" ">
            <subfield code="a">UNH</subfield>
            <subfield code="b">DHU</subfield>
            <subfield code="c">A(01)/R3</subfield>
            <subfield code="q">A01R3</subfield>
        </datafield>
        <datafield tag="191" ind1=" " ind2=" ">
            <subfield code="0">1228994</subfield>
            <subfield code="9">G11</subfield>
            <subfield code="a">A/C.1/66/PV.13</subfield>
            <subfield code="b">A/</subfield>
            <subfield code="c">66</subfield>
            <subfield code="q">AC166PV13</subfield>
            <subfield code="r">A66</subfield>
        </datafield>
        <datafield tag="245" ind1="1" ind2="0">
            <subfield code="a">General Assembly official records, 66th session :</subfield>
            <subfield code="b">1st Committee, 13th meeting, Monday, 17 October 2011, New York</subfield>
        </datafield>
        <datafield tag="260" ind1=" " ind2=" ">
            <subfield code="a">[New York] :</subfield>
            <subfield code="b">UN,</subfield>
            <subfield code="c">[2011]</subfield>
        </datafield>
        <datafield tag="269" ind1=" " ind2=" ">
            <subfield code="a">2011</subfield>
        </datafield>
        <datafield tag="300" ind1=" " ind2=" ">
            <subfield code="a">30 p.</subfield>
        </datafield>
        <datafield tag="495" ind1=" " ind2=" ">
            <subfield code="a">GAOR, 66th sess., 1st Committee</subfield>
        </datafield>
        <datafield tag="610" ind1="2" ind2="7">
            <subfield code="0">(DHLAUTH)98761</subfield>
            <subfield code="2">unbisn</subfield>
            <subfield code="a">Organization for the Prohibition of Chemical Weapons</subfield>
        </datafield>
        <datafield tag="611" ind1="2" ind2="7">
            <subfield code="0">1182579</subfield>
            <subfield code="2">unbisn</subfield>
            <subfield code="a">Review Conference of the Parties to the Convention on the Prohibition of the Development, Production and Stockpiling of Bacteriological (Biological) and Toxin Weapons and on Their Destruction (7th : 2011 : Geneva)</subfield>
        </datafield>
        <datafield tag="630" ind1="0" ind2="7">
            <subfield code="0">891521</subfield>
            <subfield code="2">unbisn</subfield>
            <subfield code="a">Convention on the Prohibition of the Development, Production, Stockpiling and Use of Chemical Weapons and on their Destruction (1993)</subfield>
        </datafield>
        <datafield tag="650" ind1="1" ind2="7">
            <subfield code="0">1278032</subfield>
            <subfield code="2">unbist</subfield>
            <subfield code="a">NUCLEAR NON-PROLIFERATION</subfield>
        </datafield>
        <datafield tag="650" ind1="1" ind2="7">
            <subfield code="0">1277982</subfield>
            <subfield code="2">unbist</subfield>
            <subfield code="a">CHEMICAL WEAPONS</subfield>
        </datafield>
        <datafield tag="650" ind1="1" ind2="7">
            <subfield code="0">1277980</subfield>
            <subfield code="2">unbist</subfield>
            <subfield code="a">BIOLOGICAL WEAPONS</subfield>
        </datafield>
        <datafield tag="650" ind1="1" ind2="7">
            <subfield code="0">1283137</subfield>
            <subfield code="2">unbist</subfield>
            <subfield code="a">WEAPONS DESTRUCTION</subfield>
        </datafield>
        <datafield tag="650" ind1="1" ind2="7">
            <subfield code="0">1277888</subfield>
            <subfield code="2">unbist</subfield>
            <subfield code="a">TERRORISM</subfield>
        </datafield>
        <datafield tag="793" ind1=" " ind2=" ">
            <subfield code="a">01</subfield>
        </datafield>
        <datafield tag="856" ind1="4" ind2=" ">
            <subfield code="s">560624</subfield>
            <subfield code="u">http://digitallibrary.un.org/record/733854/files/A_C.1_66_PV.13-AR.pdf</subfield>
            <subfield code="y">العربية</subfield>
        </datafield>
        <datafield tag="856" ind1="4" ind2=" ">
            <subfield code="s">379293</subfield>
            <subfield code="u">http://digitallibrary.un.org/record/733854/files/A_C.1_66_PV.13-ZH.pdf</subfield>
            <subfield code="y">中文</subfield>
        </datafield>
        <datafield tag="856" ind1="4" ind2=" ">
            <subfield code="s">972083</subfield>
            <subfield code="u">http://digitallibrary.un.org/record/733854/files/A_C.1_66_PV.13-EN.pdf</subfield>
            <subfield code="y">English</subfield>
        </datafield>
        <datafield tag="856" ind1="4" ind2=" ">
            <subfield code="s">205954</subfield>
            <subfield code="u">http://digitallibrary.un.org/record/733854/files/A_C.1_66_PV.13-FR.pdf</subfield>
            <subfield code="y">Français</subfield>
        </datafield>
        <datafield tag="856" ind1="4" ind2=" ">
            <subfield code="s">821812</subfield>
            <subfield code="u">http://digitallibrary.un.org/record/733854/files/A_C.1_66_PV.13-RU.pdf</subfield>
            <subfield code="y">Русский</subfield>
        </datafield>
        <datafield tag="856" ind1="4" ind2=" ">
            <subfield code="s">292513</subfield>
            <subfield code="u">http://digitallibrary.un.org/record/733854/files/A_C.1_66_PV.13-ES.pdf</subfield>
            <subfield code="y">Español</subfield>
        </datafield>
        <datafield tag="930" ind1=" " ind2=" ">
            <subfield code="a">UNDSE12</subfield>
        </datafield>
        <datafield tag="949" ind1=" " ind2=" ">
            <subfield code="9">A(01)/R3</subfield>
            <subfield code="b">10000000981328</subfield>
            <subfield code="c">c. 1</subfield>
            <subfield code="d">20120913200000</subfield>
            <subfield code="i">1863710</subfield>
            <subfield code="k">unes</subfield>
            <subfield code="l">DHL</subfield>
            <subfield code="m">14day</subfield>
            <subfield code="z">t</subfield>
        </datafield>
        <datafield tag="980" ind1=" " ind2=" ">
            <subfield code="a">BIB</subfield>
        </datafield>
        <datafield tag="989" ind1=" " ind2=" ">
            <subfield code="a">Documents and Publications</subfield>
            <subfield code="b">Meeting Records</subfield>
            <subfield code="c">Verbatim Records</subfield>
        </datafield>
        <datafield tag="991" ind1="1" ind2=" ">
            <subfield code="0">1230645</subfield>
            <subfield code="a">A/66/251</subfield>
            <subfield code="b">88</subfield>
            <subfield code="c">Prohibition of the development and manufacture of new types of weapons of mass destruction and new systems of such weapons : report of the Conference on Disarmament.</subfield>
            <subfield code="d">CONFERENCE ON DISARMAMENT--REPORTS</subfield>
            <subfield code="z">I</subfield>
        </datafield>
        <datafield tag="991" ind1="1" ind2=" ">
            <subfield code="0">1236440</subfield>
            <subfield code="a">A/66/251</subfield>
            <subfield code="b">98</subfield>
            <subfield code="c">General and complete disarmament.</subfield>
            <subfield code="d">DISARMAMENT--GENERAL AND COMPLETE</subfield>
            <subfield code="z">I</subfield>
        </datafield>
        <datafield tag="991" ind1="1" ind2=" ">
            <subfield code="0">1230655</subfield>
            <subfield code="a">A/66/251</subfield>
            <subfield code="b">98a</subfield>
            <subfield code="c">Notification of nuclear tests.</subfield>
            <subfield code="d">NUCLEAR WEAPON TESTS--NOTIFICATION</subfield>
            <subfield code="z">I</subfield>
        </datafield>
        <datafield tag="991" ind1="1" ind2=" ">
            <subfield code="0">1230656</subfield>
            <subfield code="a">A/66/251</subfield>
            <subfield code="b">98b</subfield>
            <subfield code="c">Follow-up to nuclear disarmament obligations agreed to at the 1995 and 2000 Review Conferences of the Parties to the Treaty on the Non Proliferation of Nuclear Weapons.</subfield>
            <subfield code="d">NUCLEAR NON-PROLIFERATION--INTERNATIONAL OBLIGATIONS</subfield>
            <subfield code="z">I</subfield>
        </datafield>
        <datafield tag="991" ind1="1" ind2=" ">
            <subfield code="0">1230680</subfield>
            <subfield code="a">A/66/251</subfield>
            <subfield code="b">98j</subfield>
            <subfield code="c">Confidence-building measures in the regional and subregional context.</subfield>
            <subfield code="d">CONFIDENCE-BUILDING MEASURES</subfield>
            <subfield code="z">I</subfield>
        </datafield>
        <datafield tag="991" ind1="1" ind2=" ">
            <subfield code="0">1230686</subfield>
            <subfield code="a">A/66/251</subfield>
            <subfield code="b">98p</subfield>
            <subfield code="c">Implementation of the Convention on the Prohibition of the Development, Production, Stockpiling and Use of Chemical Weapons and on Their Destruction.</subfield>
            <subfield code="d">CHEMICAL WEAPONS--TREATY (1993)</subfield>
            <subfield code="z">I</subfield>
        </datafield>
        <datafield tag="991" ind1="1" ind2=" ">
            <subfield code="0">1230688</subfield>
            <subfield code="a">A/66/251</subfield>
            <subfield code="b">98r</subfield>
            <subfield code="c">Reducing nuclear danger.</subfield>
            <subfield code="d">NUCLEAR NON-PROLIFERATION</subfield>
            <subfield code="z">I</subfield>
        </datafield>
        <datafield tag="991" ind1="1" ind2=" ">
            <subfield code="0">1230689</subfield>
            <subfield code="a">A/66/251</subfield>
            <subfield code="b">98s</subfield>
            <subfield code="c">Measures to prevent terrorists from acquiring weapons of mass destruction.</subfield>
            <subfield code="d">WEAPONS OF MASS DESTRUCTION--TERRORISM</subfield>
            <subfield code="z">I</subfield>
        </datafield>
        <datafield tag="991" ind1="1" ind2=" ">
            <subfield code="0">1230691</subfield>
            <subfield code="a">A/66/251</subfield>
            <subfield code="b">98u</subfield>
            <subfield code="c">Treaty banning the production of fissile material for nuclear weapons or other nuclear explosive devices.</subfield>
            <subfield code="d">FISSIONABLE MATERIALS--TREATY (PROPOSED)</subfield>
            <subfield code="z">I</subfield>
        </datafield>
        <datafield tag="991" ind1="1" ind2=" ">
            <subfield code="0">1230694</subfield>
            <subfield code="a">A/66/251</subfield>
            <subfield code="b">98w</subfield>
            <subfield code="c">United action towards the total elimination of nuclear weapons.</subfield>
            <subfield code="d">NUCLEAR WEAPONS--ELIMINATION</subfield>
            <subfield code="z">I</subfield>
        </datafield>
        <datafield tag="991" ind1="1" ind2=" ">
            <subfield code="0">1230696</subfield>
            <subfield code="a">A/66/251</subfield>
            <subfield code="b">98y</subfield>
            <subfield code="c">Missiles.</subfield>
            <subfield code="d">BALLISTIC MISSILES</subfield>
            <subfield code="z">I</subfield>
        </datafield>
        <datafield tag="991" ind1="1" ind2=" ">
            <subfield code="0">1230707</subfield>
            <subfield code="a">A/66/251</subfield>
            <subfield code="b">101</subfield>
            <subfield code="c">The risk of nuclear proliferation in the Middle East.</subfield>
            <subfield code="d">NUCLEAR PROLIFERATION--MIDDLE EAST</subfield>
            <subfield code="z">I</subfield>
        </datafield>
        <datafield tag="991" ind1="1" ind2=" ">
            <subfield code="0">1230716</subfield>
            <subfield code="a">A/66/251</subfield>
            <subfield code="b">105</subfield>
            <subfield code="c">Convention on the Prohibition of the Development, Production and Stockpiling of Bacteriological (Biological) and Toxin Weapons and on Their Destruction.</subfield>
            <subfield code="d">BIOLOGICAL WEAPONS--TREATY (1972)</subfield>
            <subfield code="z">I</subfield>
        </datafield>
        <datafield tag="992" ind1=" " ind2=" ">
            <subfield code="a">20111017</subfield>
        </datafield>
        <datafield tag="998" ind1=" " ind2=" ">
            <subfield code="a">20120914053400</subfield>
            <subfield code="b">bccat</subfield>
            <subfield code="c">20151209102400</subfield>
            <subfield code="d">mhref</subfield>
        </datafield>
        <datafield tag="999" ind1=" " ind2=" ">
            <subfield code="a">jmu20121018</subfield>
            <subfield code="b">20121018</subfield>
            <subfield code="c">u</subfield>
        </datafield>
        <datafield tag="999" ind1=" " ind2=" ">
            <subfield code="a">jmc20120914</subfield>
            <subfield code="b">20120914</subfield>
            <subfield code="c">c</subfield>
        </datafield>
        <datafield tag="999" ind1=" " ind2=" ">
            <subfield code="a">slr20120917</subfield>
            <subfield code="b">20120917</subfield>
            <subfield code="c">r</subfield>
        </datafield>
        <datafield tag="999" ind1=" " ind2=" ">
            <subfield code="a">bcq20120914</subfield>
            <subfield code="b">20120914</subfield>
            <subfield code="c">q</subfield>
        </datafield>
        <datafield tag="999" ind1=" " ind2=" ">
            <subfield code="a">vwt20121126</subfield>
            <subfield code="b">20121126</subfield>
            <subfield code="c">t</subfield>
        </datafield>
        <datafield tag="999" ind1=" " ind2=" ">
            <subfield code="a">vwu20121212</subfield>
            <subfield code="b">20121212</subfield>
            <subfield code="c">u</subfield>
        </datafield>
    </record>