

    
    <record>
        <controlfield tag="001">732422</controlfield>
        <controlfield tag="000">00000nam\\2200025#a\4500</controlfield>
        <controlfield tag="005">20170412204149.0</controlfield>
        <controlfield tag="008">120815s2011\\\\usa\\\\#r\\\\\|||1|\eng\d</controlfield>
        <datafield tag="029" ind1=" " ind2=" ">
            <subfield code="a">JN</subfield>
            <subfield code="b">N1165088 E</subfield>
        </datafield>
        <datafield tag="035" ind1=" " ind2=" ">
            <subfield code="a">D0390955</subfield>
        </datafield>
        <datafield tag="035" ind1=" " ind2=" ">
            <subfield code="a">(DHL)979560</subfield>
        </datafield>
        <datafield tag="039" ind1=" " ind2=" ">
            <subfield code="a">DHU</subfield>
        </datafield>
        <datafield tag="040" ind1=" " ind2=" ">
            <subfield code="a">NNUN</subfield>
            <subfield code="b">eng</subfield>
        </datafield>
        <datafield tag="041" ind1=" " ind2=" ">
            <subfield code="a">arachiengfrerusspa</subfield>
        </datafield>
        <datafield tag="049" ind1=" " ind2=" ">
            <subfield code="a">usa</subfield>
        </datafield>
        <datafield tag="089" ind1=" " ind2=" ">
            <subfield code="b">B03</subfield>
        </datafield>
        <datafield tag="091" ind1=" " ind2=" ">
            <subfield code="a">GEN</subfield>
        </datafield>
        <datafield tag="099" ind1=" " ind2=" ">
            <subfield code="a">UNH</subfield>
            <subfield code="b">DHU</subfield>
            <subfield code="c">A(01)/R3</subfield>
            <subfield code="q">A01R3</subfield>
        </datafield>
        <datafield tag="191" ind1=" " ind2=" ">
            <subfield code="0">1228994</subfield>
            <subfield code="9">G88</subfield>
            <subfield code="a">A/66/PV.92</subfield>
            <subfield code="b">A/</subfield>
            <subfield code="c">66</subfield>
            <subfield code="q">A66PV92</subfield>
            <subfield code="r">A66</subfield>
        </datafield>
        <datafield tag="245" ind1="1" ind2="0">
            <subfield code="a">General Assembly official records, 66th session :</subfield>
            <subfield code="b">92nd plenary meeting, Friday, 23 December 2011, New York</subfield>
        </datafield>
        <datafield tag="260" ind1=" " ind2=" ">
            <subfield code="a">[New York] :</subfield>
            <subfield code="b">UN,</subfield>
            <subfield code="c">[2011]</subfield>
        </datafield>
        <datafield tag="269" ind1=" " ind2=" ">
            <subfield code="a">2011</subfield>
        </datafield>
        <datafield tag="300" ind1=" " ind2=" ">
            <subfield code="a">9 p.</subfield>
        </datafield>
        <datafield tag="495" ind1=" " ind2=" ">
            <subfield code="a">GAOR, 66th sess., Meeting records</subfield>
        </datafield>
        <datafield tag="600" ind1="1" ind2="7">
            <subfield code="0">1154710</subfield>
            <subfield code="2">unbisn</subfield>
            <subfield code="a">Flores Callejas, Jorge</subfield>
            <subfield code="g">(Honduras)</subfield>
        </datafield>
        <datafield tag="610" ind1="2" ind2="7">
            <subfield code="0">940721</subfield>
            <subfield code="2">unbisn</subfield>
            <subfield code="a">Joint Inspection Unit</subfield>
            <subfield code="g">Members</subfield>
        </datafield>
        <datafield tag="610" ind1="2" ind2="7">
            <subfield code="0">1177331</subfield>
            <subfield code="2">unbisn</subfield>
            <subfield code="a">UN. General Assembly (66th sess. : 2011-2012)</subfield>
            <subfield code="g">Work organization</subfield>
        </datafield>
        <datafield tag="650" ind1="1" ind2="7">
            <subfield code="0">1281599</subfield>
            <subfield code="2">unbist</subfield>
            <subfield code="a">INTERCULTURAL COMMUNICATION</subfield>
        </datafield>
        <datafield tag="650" ind1="1" ind2="7">
            <subfield code="0">1277934</subfield>
            <subfield code="2">unbist</subfield>
            <subfield code="a">PEACE</subfield>
        </datafield>
        <datafield tag="650" ind1="1" ind2="7">
            <subfield code="0">1281005</subfield>
            <subfield code="2">unbist</subfield>
            <subfield code="a">HUMANITARIAN ASSISTANCE</subfield>
        </datafield>
        <datafield tag="650" ind1="1" ind2="7">
            <subfield code="0">1283281</subfield>
            <subfield code="2">unbist</subfield>
            <subfield code="a">CRIME VICTIMS</subfield>
        </datafield>
        <datafield tag="650" ind1="1" ind2="7">
            <subfield code="0">1281050</subfield>
            <subfield code="2">unbist</subfield>
            <subfield code="a">GENOCIDE</subfield>
        </datafield>
        <datafield tag="651" ind1="1" ind2="7">
            <subfield code="0">1282114</subfield>
            <subfield code="2">unbist</subfield>
            <subfield code="a">RWANDA</subfield>
        </datafield>
        <datafield tag="793" ind1=" " ind2=" ">
            <subfield code="a">PL</subfield>
        </datafield>
        <datafield tag="856" ind1="4" ind2=" ">
            <subfield code="s">214999</subfield>
            <subfield code="u">http://digitallibrary.un.org/record/732422/files/A_66_PV.92-AR.pdf</subfield>
            <subfield code="y">العربية</subfield>
        </datafield>
        <datafield tag="856" ind1="4" ind2=" ">
            <subfield code="s">266302</subfield>
            <subfield code="u">http://digitallibrary.un.org/record/732422/files/A_66_PV.92-ZH.pdf</subfield>
            <subfield code="y">中文</subfield>
        </datafield>
        <datafield tag="856" ind1="4" ind2=" ">
            <subfield code="s">834146</subfield>
            <subfield code="u">http://digitallibrary.un.org/record/732422/files/A_66_PV.92-EN.pdf</subfield>
            <subfield code="y">English</subfield>
        </datafield>
        <datafield tag="856" ind1="4" ind2=" ">
            <subfield code="s">95238</subfield>
            <subfield code="u">http://digitallibrary.un.org/record/732422/files/A_66_PV.92-FR.pdf</subfield>
            <subfield code="y">Français</subfield>
        </datafield>
        <datafield tag="856" ind1="4" ind2=" ">
            <subfield code="s">288531</subfield>
            <subfield code="u">http://digitallibrary.un.org/record/732422/files/A_66_PV.92-RU.pdf</subfield>
            <subfield code="y">Русский</subfield>
        </datafield>
        <datafield tag="856" ind1="4" ind2=" ">
            <subfield code="s">168136</subfield>
            <subfield code="u">http://digitallibrary.un.org/record/732422/files/A_66_PV.92-ES.pdf</subfield>
            <subfield code="y">Español</subfield>
        </datafield>
        <datafield tag="930" ind1=" " ind2=" ">
            <subfield code="a">UNDAU12</subfield>
        </datafield>
        <datafield tag="949" ind1=" " ind2=" ">
            <subfield code="9">A(01)/R3</subfield>
            <subfield code="b">10000000979560</subfield>
            <subfield code="c">c. 1</subfield>
            <subfield code="d">20120814200000</subfield>
            <subfield code="i">1861749</subfield>
            <subfield code="k">unes</subfield>
            <subfield code="l">DHL</subfield>
            <subfield code="m">14day</subfield>
            <subfield code="z">t</subfield>
        </datafield>
        <datafield tag="980" ind1=" " ind2=" ">
            <subfield code="a">BIB</subfield>
        </datafield>
        <datafield tag="989" ind1=" " ind2=" ">
            <subfield code="a">Documents and Publications</subfield>
            <subfield code="b">Meeting Records</subfield>
            <subfield code="c">Verbatim Records</subfield>
        </datafield>
        <datafield tag="991" ind1="1" ind2=" ">
            <subfield code="0">1230433</subfield>
            <subfield code="a">A/66/251</subfield>
            <subfield code="b">15</subfield>
            <subfield code="c">Culture of peace.</subfield>
            <subfield code="d">PEACE</subfield>
            <subfield code="e">At the 92nd meeting, draft resolution A/66/L.32 was adopted without vote: resolution 66/226</subfield>
            <subfield code="z">I</subfield>
        </datafield>
        <datafield tag="991" ind1="1" ind2=" ">
            <subfield code="0">1230620</subfield>
            <subfield code="a">A/66/251</subfield>
            <subfield code="b">70a</subfield>
            <subfield code="c">Strengthening of the coordination of emergency humanitarian assistance of the United Nations.</subfield>
            <subfield code="d">EMERGENCY ASSISTANCE</subfield>
            <subfield code="e">At the 92nd meeting, draft resolution A/66/L.33 was adopted without vote: resolution 66/227</subfield>
            <subfield code="z">I</subfield>
        </datafield>
        <datafield tag="991" ind1="1" ind2=" ">
            <subfield code="0">1230623</subfield>
            <subfield code="a">A/66/251</subfield>
            <subfield code="b">71</subfield>
            <subfield code="c">Assistance to survivors of the 1994 genocide in Rwanda, particularly orphans, widows and victims of sexual violence.</subfield>
            <subfield code="d">HUMANITARIAN ASSISTANCE--RWANDA</subfield>
            <subfield code="e">At the 92nd meeting, draft resolution A/66/L.31 was adopted without vote: resolution 66/228</subfield>
            <subfield code="z">I</subfield>
        </datafield>
        <datafield tag="991" ind1="1" ind2=" ">
            <subfield code="0">1230824</subfield>
            <subfield code="a">A/66/251</subfield>
            <subfield code="b">115g</subfield>
            <subfield code="c">Appointment of members of the Joint Inspection Unit.</subfield>
            <subfield code="d">JOINT INSPECTION UNIT--MEMBERS</subfield>
            <subfield code="e">At the 92nd meeting, Jorge Flores Callejas (Honduras) was appointed as a member of the Joint Inspection Unit for a 5-year term of office beginning on 1 Jan. 2012 and expiring 31 Dec. 2016: decision 66/417 A</subfield>
            <subfield code="z">I</subfield>
        </datafield>
        <datafield tag="991" ind1="1" ind2=" ">
            <subfield code="0">1230424</subfield>
            <subfield code="a">A/66/251</subfield>
            <subfield code="b">7</subfield>
            <subfield code="c">Organization of work, adoption of the agenda and allocation of items : reports of the General Committee.</subfield>
            <subfield code="d">UN. GENERAL ASSEMBLY (66TH SESS. : 2011-2012)--AGENDA</subfield>
            <subfield code="z">I</subfield>
        </datafield>
        <datafield tag="992" ind1=" " ind2=" ">
            <subfield code="a">20111223</subfield>
        </datafield>
        <datafield tag="998" ind1=" " ind2=" ">
            <subfield code="a">20120815050000</subfield>
            <subfield code="b">mlcat</subfield>
            <subfield code="c">20120910100800</subfield>
            <subfield code="d">vwcat2</subfield>
        </datafield>
        <datafield tag="999" ind1=" " ind2=" ">
            <subfield code="a">jmc20120821</subfield>
            <subfield code="b">20120821</subfield>
            <subfield code="c">c</subfield>
        </datafield>
        <datafield tag="999" ind1=" " ind2=" ">
            <subfield code="a">slr20120821</subfield>
            <subfield code="b">20120821</subfield>
            <subfield code="c">r</subfield>
        </datafield>
        <datafield tag="999" ind1=" " ind2=" ">
            <subfield code="a">mleq20120815</subfield>
            <subfield code="b">20120815</subfield>
            <subfield code="c">q</subfield>
        </datafield>
        <datafield tag="999" ind1=" " ind2=" ">
            <subfield code="a">vwt20120910</subfield>
            <subfield code="b">20120910</subfield>
            <subfield code="c">t</subfield>
        </datafield>
    </record>