

    
<record>
  <controlfield tag="000">00000nam  2200025#a 450</controlfield>
  <controlfield tag="001">730707</controlfield>
  <controlfield tag="005">20171108050350.0</controlfield>
  <controlfield tag="008">120717s2011    usa    #r     |||1| eng d</controlfield>
  <datafield tag="029" ind1=" " ind2=" ">
    <subfield code="a">JN</subfield>
    <subfield code="b">N1163084 E</subfield>
  </datafield>
  <datafield tag="035" ind1=" " ind2=" ">
    <subfield code="a">D977612X</subfield>
    <subfield code="z">D0390323</subfield>
  </datafield>
  <datafield tag="035" ind1=" " ind2=" ">
    <subfield code="a">(DHL)977612</subfield>
  </datafield>
  <datafield tag="039" ind1=" " ind2=" ">
    <subfield code="a">DHU</subfield>
  </datafield>
  <datafield tag="040" ind1=" " ind2=" ">
    <subfield code="a">NNUN</subfield>
    <subfield code="b">eng</subfield>
  </datafield>
  <datafield tag="041" ind1="0" ind2=" ">
    <subfield code="a">arachiengfrerusspa</subfield>
  </datafield>
  <datafield tag="049" ind1=" " ind2=" ">
    <subfield code="a">usa</subfield>
  </datafield>
  <datafield tag="089" ind1=" " ind2=" ">
    <subfield code="b">B03</subfield>
  </datafield>
  <datafield tag="091" ind1=" " ind2=" ">
    <subfield code="a">GEN</subfield>
  </datafield>
  <datafield tag="099" ind1=" " ind2=" ">
    <subfield code="a">UNH</subfield>
    <subfield code="b">DHU</subfield>
    <subfield code="c">A(01)/R3</subfield>
    <subfield code="q">A01R3</subfield>
  </datafield>
  <datafield tag="191" ind1=" " ind2=" ">
    <subfield code="a">A/66/PV.82</subfield>
    <subfield code="b">A/</subfield>
    <subfield code="c">66</subfield>
    <subfield code="9">G88</subfield>
    <subfield code="q">A66PV82</subfield>
    <subfield code="r">A66</subfield>
    <subfield code="0">(DHLAUTH)792540</subfield>
  </datafield>
  <datafield tag="245" ind1="1" ind2="0">
    <subfield code="a">General Assembly official records, 66th session :</subfield>
    <subfield code="b">82nd plenary meeting, Friday, 9 December 2011, New York</subfield>
  </datafield>
  <datafield tag="260" ind1=" " ind2=" ">
    <subfield code="a">[New York] :</subfield>
    <subfield code="b">UN,</subfield>
    <subfield code="c">[2011]</subfield>
  </datafield>
  <datafield tag="269" ind1=" " ind2=" ">
    <subfield code="a">2011</subfield>
  </datafield>
  <datafield tag="300" ind1=" " ind2=" ">
    <subfield code="a">12 p.</subfield>
  </datafield>
  <datafield tag="495" ind1=" " ind2=" ">
    <subfield code="a">GAOR, 66th sess., Meeting records</subfield>
  </datafield>
  <datafield tag="650" ind1="1" ind2="7">
    <subfield code="a">NATIONALITY</subfield>
    <subfield code="2">unbist</subfield>
    <subfield code="0">(DHLAUTH)268222</subfield>
  </datafield>
  <datafield tag="650" ind1="1" ind2="7">
    <subfield code="a">ACCOUNTABILITY</subfield>
    <subfield code="2">unbist</subfield>
    <subfield code="0">(DHLAUTH)269310</subfield>
  </datafield>
  <datafield tag="650" ind1="1" ind2="7">
    <subfield code="a">INTERNATIONAL LAW</subfield>
    <subfield code="2">unbist</subfield>
    <subfield code="0">(DHLAUTH)268669</subfield>
  </datafield>
  <datafield tag="650" ind1="1" ind2="7">
    <subfield code="a">EDUCATIONAL ASSISTANCE</subfield>
    <subfield code="2">unbist</subfield>
    <subfield code="0">(DHLAUTH)274018</subfield>
  </datafield>
  <datafield tag="650" ind1="1" ind2="7">
    <subfield code="a">INTERNATIONAL TRADE LAW</subfield>
    <subfield code="2">unbist</subfield>
    <subfield code="0">(DHLAUTH)269194</subfield>
  </datafield>
  <datafield tag="650" ind1="2" ind2="7">
    <subfield code="a">JURISDICTION</subfield>
    <subfield code="2">unbist</subfield>
    <subfield code="0">(DHLAUTH)269220</subfield>
  </datafield>
  <datafield tag="650" ind1="2" ind2="7">
    <subfield code="a">AQUIFERS</subfield>
    <subfield code="2">unbist</subfield>
    <subfield code="0">(DHLAUTH)270896</subfield>
  </datafield>
  <datafield tag="650" ind1="2" ind2="7">
    <subfield code="a">TERRORISM</subfield>
    <subfield code="2">unbist</subfield>
    <subfield code="0">(DHLAUTH)268232</subfield>
  </datafield>
  <datafield tag="650" ind1="2" ind2="7">
    <subfield code="a">PROGRAMME PLANNING</subfield>
    <subfield code="2">unbist</subfield>
    <subfield code="0">(DHLAUTH)275798</subfield>
  </datafield>
  <datafield tag="650" ind1="2" ind2="7">
    <subfield code="a">ADMINISTRATION OF JUSTICE</subfield>
    <subfield code="2">unbist</subfield>
    <subfield code="0">(DHLAUTH)269125</subfield>
  </datafield>
  <datafield tag="650" ind1="2" ind2="7">
    <subfield code="a">HOST COUNTRY RELATIONS</subfield>
    <subfield code="2">unbist</subfield>
    <subfield code="0">(DHLAUTH)268605</subfield>
  </datafield>
  <datafield tag="650" ind1="2" ind2="7">
    <subfield code="a">OBSERVER STATUS</subfield>
    <subfield code="2">unbist</subfield>
    <subfield code="0">(DHLAUTH)275791</subfield>
  </datafield>
  <datafield tag="793" ind1=" " ind2=" ">
    <subfield code="a">PL</subfield>
  </datafield>
  <datafield tag="856" ind1="4" ind2=" ">
    <subfield code="s">232097</subfield>
    <subfield code="u">http://digitallibrary.un.org/record/730707/files/A_66_PV-82-AR.pdf</subfield>
    <subfield code="y">العربية</subfield>
  </datafield>
  <datafield tag="856" ind1="4" ind2=" ">
    <subfield code="s">232414</subfield>
    <subfield code="u">http://digitallibrary.un.org/record/730707/files/A_66_PV-82-ZH.pdf</subfield>
    <subfield code="y">中文</subfield>
  </datafield>
  <datafield tag="856" ind1="4" ind2=" ">
    <subfield code="s">308032</subfield>
    <subfield code="u">http://digitallibrary.un.org/record/730707/files/A_66_PV-82-RU.pdf</subfield>
    <subfield code="y">Русский</subfield>
  </datafield>
  <datafield tag="856" ind1="4" ind2=" ">
    <subfield code="s">74800</subfield>
    <subfield code="u">http://digitallibrary.un.org/record/730707/files/A_66_PV-82-EN.pdf</subfield>
    <subfield code="y">English</subfield>
  </datafield>
  <datafield tag="856" ind1="4" ind2=" ">
    <subfield code="s">78837</subfield>
    <subfield code="u">http://digitallibrary.un.org/record/730707/files/A_66_PV-82-FR.pdf</subfield>
    <subfield code="y">Français</subfield>
  </datafield>
  <datafield tag="856" ind1="4" ind2=" ">
    <subfield code="s">79344</subfield>
    <subfield code="u">http://digitallibrary.un.org/record/730707/files/A_66_PV-82-ES.pdf</subfield>
    <subfield code="y">Español</subfield>
  </datafield>
  <datafield tag="930" ind1=" " ind2=" ">
    <subfield code="a">UNDJL12</subfield>
  </datafield>
  <datafield tag="949" ind1=" " ind2=" ">
    <subfield code="9">A(01)/R3</subfield>
    <subfield code="b">10000000977612</subfield>
    <subfield code="i">1859468</subfield>
    <subfield code="k">unes</subfield>
    <subfield code="c">c. 1</subfield>
    <subfield code="l">DHL</subfield>
    <subfield code="z">t</subfield>
    <subfield code="m">14day</subfield>
    <subfield code="d">20120716200000</subfield>
  </datafield>
  <datafield tag="989" ind1=" " ind2=" ">
    <subfield code="a">Documents and Publications</subfield>
    <subfield code="b">Meeting Records</subfield>
    <subfield code="c">Verbatim Records</subfield>
  </datafield>
  <datafield tag="991" ind1="1" ind2=" ">
    <subfield code="a">A/66/251</subfield>
    <subfield code="b">77</subfield>
    <subfield code="c">Nationality of natural persons in relation to the succession of States.</subfield>
    <subfield code="d">NATIONALITY--STATE SUCCESSION</subfield>
    <subfield code="e">At the 82nd meeting, draft resolution in A/66/469 (originally A/C.6/66L.18) was adopted without vote: resolution 66/92</subfield>
    <subfield code="z">I</subfield>
    <subfield code="0">(DHLAUTH)796253</subfield>
  </datafield>
  <datafield tag="991" ind1="1" ind2=" ">
    <subfield code="a">A/66/251</subfield>
    <subfield code="b">78</subfield>
    <subfield code="c">Criminal accountability of United Nations officials and experts on mission.</subfield>
    <subfield code="d">PEACEKEEPING OPERATIONS--CRIMINAL LIABILITY</subfield>
    <subfield code="e">At the 82nd meeting, draft resolution in A/66/470 (originally A/C.6/66L.16) was adopted without vote: resolution 66/93</subfield>
    <subfield code="z">I</subfield>
    <subfield code="0">(DHLAUTH)796254</subfield>
  </datafield>
  <datafield tag="991" ind1="1" ind2=" ">
    <subfield code="a">A/66/251</subfield>
    <subfield code="b">79</subfield>
    <subfield code="c">Report of the United Nations Commission on International Trade Law on the work of its 44th session.</subfield>
    <subfield code="d">INTERNATIONAL TRADE LAW</subfield>
    <subfield code="e">At the 82nd meeting, action on draft resolutions in A/66/471 was as follows: draft resolution I (originally A/C.6/66/L.10), adopted without vote: resolution 66/94; draft resolution II (originally A/C.6/66/L.11), adopted without vote: resolution 66/95; draft resolution III (originally A/C.6/66/L.12), adopted without vote: resolution 66/96</subfield>
    <subfield code="z">I</subfield>
    <subfield code="0">(DHLAUTH)796255</subfield>
  </datafield>
  <datafield tag="991" ind1="1" ind2=" ">
    <subfield code="a">A/66/251</subfield>
    <subfield code="b">80</subfield>
    <subfield code="c">United Nations Programme of Assistance in the Teaching, Study, Dissemination and Wider Appreciation of International Law.</subfield>
    <subfield code="d">INTERNATIONAL LAW--TRAINING PROGRAMMES</subfield>
    <subfield code="e">At the 82nd meeting, draft resolution in A/66/472 (originally A/C.6/66L.15) was adopted without vote: resolution 66/97</subfield>
    <subfield code="z">I</subfield>
    <subfield code="0">(DHLAUTH)796256</subfield>
  </datafield>
  <datafield tag="991" ind1="1" ind2=" ">
    <subfield code="a">A/66/251</subfield>
    <subfield code="b">81</subfield>
    <subfield code="c">Report of the International Law Commission on the work of its 63rd session.</subfield>
    <subfield code="d">INTERNATIONAL LAW</subfield>
    <subfield code="e">At the 82nd meeting, action on draft resolutions in A/66/473 was as follows: draft resolution I (originally A/C.6/66/L.26), adopted without vote: resolution 66/98; draft resolution II (originally A/C.6/66/L.21), adopted without vote: resolution 66/99; draft resolution III (originally A/C.6/66/L.22), adopted without vote: resolution 66/100</subfield>
    <subfield code="z">I</subfield>
    <subfield code="0">(DHLAUTH)796257</subfield>
  </datafield>
  <datafield tag="991" ind1="1" ind2=" ">
    <subfield code="a">A/66/251</subfield>
    <subfield code="b">82</subfield>
    <subfield code="c">Report of the Special Committee on the Charter of the United Nations and on the Strengthening of the Role of the Organization.</subfield>
    <subfield code="d">UN--CHARTER</subfield>
    <subfield code="e">At the 82nd meeting, draft resolution in A/66/474 (originally A/C.6/66L.17) was adopted without vote: resolution 66/101</subfield>
    <subfield code="z">I</subfield>
    <subfield code="0">(DHLAUTH)796258</subfield>
  </datafield>
  <datafield tag="991" ind1="1" ind2=" ">
    <subfield code="a">A/66/251</subfield>
    <subfield code="b">83</subfield>
    <subfield code="c">The rule of law at the national and international levels.</subfield>
    <subfield code="d">RULE OF LAW</subfield>
    <subfield code="e">At the 82nd meeting, draft resolution in A/66/475 (originally A/C.6/66L.20) was adopted without vote: resolution 66/102</subfield>
    <subfield code="z">I</subfield>
    <subfield code="0">(DHLAUTH)796259</subfield>
  </datafield>
  <datafield tag="991" ind1="1" ind2=" ">
    <subfield code="a">A/66/251</subfield>
    <subfield code="b">84</subfield>
    <subfield code="c">The scope and application of the principle of universal jurisdiction.</subfield>
    <subfield code="d">INTERNATIONAL JURISDICTION</subfield>
    <subfield code="e">At the 82nd meeting, draft resolution in A/66/476 (originally A/C.6/66L.19) was adopted without vote: resolution 66/103</subfield>
    <subfield code="z">I</subfield>
    <subfield code="0">(DHLAUTH)796260</subfield>
  </datafield>
  <datafield tag="991" ind1="1" ind2=" ">
    <subfield code="a">A/66/251</subfield>
    <subfield code="b">85</subfield>
    <subfield code="c">The law of transboundary aquifers.</subfield>
    <subfield code="d">AQUIFERS--LAW</subfield>
    <subfield code="e">At the 82nd meeting, draft resolution in A/66/477 (originally A/C.6/66L.24) was adopted without vote: resolution 66/104</subfield>
    <subfield code="z">I</subfield>
    <subfield code="0">(DHLAUTH)796261</subfield>
  </datafield>
  <datafield tag="991" ind1="1" ind2=" ">
    <subfield code="a">A/66/251</subfield>
    <subfield code="b">109</subfield>
    <subfield code="c">Measures to eliminate international terrorism.</subfield>
    <subfield code="d">TERRORISM</subfield>
    <subfield code="e">At the 82nd meeting, draft resolution in A/66/478 (originally A/C.6/66L.25) was adopted without vote: resolution 66/105</subfield>
    <subfield code="z">I</subfield>
    <subfield code="0">(DHLAUTH)796376</subfield>
  </datafield>
  <datafield tag="991" ind1="1" ind2=" ">
    <subfield code="a">A/66/251</subfield>
    <subfield code="b">121</subfield>
    <subfield code="c">Revitalization of the work of the General Assembly.</subfield>
    <subfield code="d">UN. GENERAL ASSEMBLY--WORK PROGRAMME</subfield>
    <subfield code="e">At the 82nd meeting, draft decision in A/66/479 (originally A/C.6/66L.27) was adopted without vote: decision 66/525</subfield>
    <subfield code="z">I</subfield>
    <subfield code="0">(DHLAUTH)796557</subfield>
  </datafield>
  <datafield tag="991" ind1="1" ind2=" ">
    <subfield code="a">A/66/251</subfield>
    <subfield code="b">135</subfield>
    <subfield code="c">Programme planning.</subfield>
    <subfield code="d">UN--PROGRAMME PLANNING</subfield>
    <subfield code="e">At the 82nd meeting, the Assembly took note of the report of the 6th Committee (A/66/480): decision 66/526</subfield>
    <subfield code="z">I</subfield>
    <subfield code="0">(DHLAUTH)796580</subfield>
  </datafield>
  <datafield tag="991" ind1="1" ind2=" ">
    <subfield code="a">A/66/251</subfield>
    <subfield code="b">143</subfield>
    <subfield code="c">Administration of justice at the United Nations.</subfield>
    <subfield code="d">ADMINISTRATION OF JUSTICE</subfield>
    <subfield code="e">At the 82nd meeting, action on draft resolutions in A/66/481 was as follows: draft resolution I (originally A/C.6/66/L.13), adopted without vote: resolution 66/106; draft resolution II (originally A/C.6/66/L.14), adopted without vote: resolution 66/107</subfield>
    <subfield code="z">I</subfield>
    <subfield code="0">(DHLAUTH)796588</subfield>
  </datafield>
  <datafield tag="991" ind1="1" ind2=" ">
    <subfield code="a">A/66/251</subfield>
    <subfield code="b">166</subfield>
    <subfield code="c">Report of the Committee on Relations with the Host Country.</subfield>
    <subfield code="d">UN--HOST COUNTRY RELATIONS</subfield>
    <subfield code="e">At the 82nd meeting, draft resolution in A/66/482 (originally A/C.6/66L.23) was adopted without vote: resolution 66/108</subfield>
    <subfield code="z">I</subfield>
    <subfield code="0">(DHLAUTH)796611</subfield>
  </datafield>
  <datafield tag="991" ind1="1" ind2=" ">
    <subfield code="a">A/66/251</subfield>
    <subfield code="b">167</subfield>
    <subfield code="c">Observer status for the Cooperation Council of Turkic-speaking States in the General Assembly.</subfield>
    <subfield code="d">COOPERATION COUNCIL OF TURKIC-SPEAKING STATES--OBSERVER STATUS</subfield>
    <subfield code="e">At the 82nd meeting, draft decision in A/66/483 entitled "Observer status for the Cooperation Council of Turkic-speaking States in the General Assembly" was adopted without vote: decision 66/527</subfield>
    <subfield code="z">I</subfield>
    <subfield code="0">(DHLAUTH)802606</subfield>
  </datafield>
  <datafield tag="991" ind1="1" ind2=" ">
    <subfield code="a">A/66/251</subfield>
    <subfield code="b">168</subfield>
    <subfield code="c">Observer status for the Union of South American Nations in the General Assembly.</subfield>
    <subfield code="d">UNION OF SOUTH AMERICAN NATIONS--OBSERVER STATUS</subfield>
    <subfield code="e">At the 82nd meeting, draft resolution in A/66/484 (originally A/C.6/66/L.3) was adopted without vote: resolution 66/109</subfield>
    <subfield code="z">I</subfield>
    <subfield code="0">(DHLAUTH)802608</subfield>
  </datafield>
  <datafield tag="991" ind1="1" ind2=" ">
    <subfield code="a">A/66/251</subfield>
    <subfield code="b">169</subfield>
    <subfield code="c">Observer status for the International Renewable Energy Agency in the General Assembly.</subfield>
    <subfield code="d">INTERNATIONAL RENEWABLE ENERGY AGENCY--OBSERVER STATUS</subfield>
    <subfield code="e">At the 82nd meeting, draft resolution in A/66/485 (originally A/C.6/66L.4) was adopted without vote: resolution 66/110</subfield>
    <subfield code="z">I</subfield>
    <subfield code="0">(DHLAUTH)802609</subfield>
  </datafield>
  <datafield tag="991" ind1="1" ind2=" ">
    <subfield code="a">A/66/251</subfield>
    <subfield code="b">170</subfield>
    <subfield code="c">Observer status for the Central European Initiative in the General Assembly.</subfield>
    <subfield code="d">CENTRAL EUROPEAN INITIATIVE--OBSERVER STATUS</subfield>
    <subfield code="e">At the 82nd meeting, draft resolution in A/66/486 (originally A/C.6/66L.5) was adopted without vote: resolution 66/111</subfield>
    <subfield code="z">I</subfield>
    <subfield code="0">(DHLAUTH)805008</subfield>
  </datafield>
  <datafield tag="991" ind1="1" ind2=" ">
    <subfield code="a">A/66/251</subfield>
    <subfield code="b">171</subfield>
    <subfield code="c">Observer status for the United Cities and Local Governments in the General Assembly.</subfield>
    <subfield code="d">UNITED CITIES AND LOCAL GOVERNMENTS--OBSERVER STATUS</subfield>
    <subfield code="e">At the 82nd meeting, the Assembly took note of the report of the 6th Committee (A/66/487): decision 66/528</subfield>
    <subfield code="z">I</subfield>
    <subfield code="0">(DHLAUTH)805003</subfield>
  </datafield>
  <datafield tag="991" ind1="1" ind2=" ">
    <subfield code="a">A/66/251</subfield>
    <subfield code="b">172</subfield>
    <subfield code="c">Observer status for the Intergovernmental Authority on Development in the General Assembly.</subfield>
    <subfield code="d">INTERGOVERNMENTAL AUTHORITY ON DEVELOPMENT--OBSERVER STATUS</subfield>
    <subfield code="e">At the 82nd meeting, draft resolution in A/66/488 (originally A/C.6/66L.7) was adopted without vote: resolution 66/112</subfield>
    <subfield code="z">I</subfield>
    <subfield code="0">(DHLAUTH)805004</subfield>
  </datafield>
  <datafield tag="991" ind1="1" ind2=" ">
    <subfield code="a">A/66/251</subfield>
    <subfield code="b">173</subfield>
    <subfield code="c">Observer status for the Parliamentary Assembly of Turkic-speaking Countries in the General Assembly.</subfield>
    <subfield code="d">PARLIAMENTARY ASSEMBLY OF TURKIC-SPEAKING COUNTRIES--OBSERVER STATUS</subfield>
    <subfield code="e">At the 82nd meeting, the Assembly took note of the report of the 6th Committee (A/66/489): decision 66/529</subfield>
    <subfield code="z">I</subfield>
    <subfield code="0">(DHLAUTH)805005</subfield>
  </datafield>
  <datafield tag="991" ind1="1" ind2=" ">
    <subfield code="a">A/66/251</subfield>
    <subfield code="b">174</subfield>
    <subfield code="c">Observer status for the International Conference of Asian Political Parties in the General Assembly.</subfield>
    <subfield code="d">INTERNATIONAL CONFERENCE OF ASIAN POLITICAL PARTIES--OBSERVER STATUS</subfield>
    <subfield code="e">At the 82nd meeting, draft decision in A/66/490 entitled "Observer status for the International Conference of Asian Political Parties in the General Assembly" was adopted without vote: decision 66/530</subfield>
    <subfield code="z">I</subfield>
    <subfield code="0">(DHLAUTH)804965</subfield>
  </datafield>
  <datafield tag="991" ind1="1" ind2=" ">
    <subfield code="a">A/66/251</subfield>
    <subfield code="b">175</subfield>
    <subfield code="c">Observer status for the West African Economic and Monetary Union in the General Assembly.</subfield>
    <subfield code="d">WEST AFRICAN ECONOMIC AND MONETARY UNION--OBSERVER STATUS</subfield>
    <subfield code="e">At the 82nd meeting, draft resolution in A/66/550 (originally A/C.6/66L.28) was adopted without vote: resolution 66/113</subfield>
    <subfield code="z">I</subfield>
    <subfield code="0">(DHLAUTH)808689</subfield>
  </datafield>
  <datafield tag="991" ind1="1" ind2=" ">
    <subfield code="a">A/66/251</subfield>
    <subfield code="b">7</subfield>
    <subfield code="c">Organization of work, adoption of the agenda and allocation of items : reports of the General Committee.</subfield>
    <subfield code="d">UN. GENERAL ASSEMBLY (66TH SESS. : 2011-2012)--AGENDA</subfield>
    <subfield code="e">At the 82nd meeting, the Assembly decided to extend the work of the 6th Committee until 22 Dec. 2011: decision 66/502</subfield>
    <subfield code="z">I</subfield>
    <subfield code="0">(DHLAUTH)795956</subfield>
  </datafield>
  <datafield tag="992" ind1=" " ind2=" ">
    <subfield code="a">20111209</subfield>
  </datafield>
  <datafield tag="998" ind1=" " ind2=" ">
    <subfield code="a">20120717052800</subfield>
    <subfield code="b">kroy</subfield>
    <subfield code="c">20170516104100</subfield>
    <subfield code="d">vvcat</subfield>
    <subfield code="z">20171107173044</subfield>
  </datafield>
  <datafield tag="999" ind1=" " ind2=" ">
    <subfield code="a">krq20120717</subfield>
    <subfield code="b">20120717</subfield>
    <subfield code="c">q</subfield>
  </datafield>
  <datafield tag="999" ind1=" " ind2=" ">
    <subfield code="a">slr20120803</subfield>
    <subfield code="b">20120803</subfield>
    <subfield code="c">r</subfield>
  </datafield>
  <datafield tag="999" ind1=" " ind2=" ">
    <subfield code="a">mhc20120717</subfield>
    <subfield code="b">20120717</subfield>
    <subfield code="c">c</subfield>
  </datafield>
  <datafield tag="999" ind1=" " ind2=" ">
    <subfield code="a">vwu20120808</subfield>
    <subfield code="b">20120808</subfield>
    <subfield code="c">u</subfield>
  </datafield>
  <datafield tag="999" ind1=" " ind2=" ">
    <subfield code="a">vwt20120809</subfield>
    <subfield code="b">20120809</subfield>
    <subfield code="c">t</subfield>
  </datafield>
  <datafield tag="999" ind1=" " ind2=" ">
    <subfield code="a">vwu20130125</subfield>
    <subfield code="b">20130125</subfield>
    <subfield code="c">u</subfield>
  </datafield>
  <datafield tag="999" ind1=" " ind2=" ">
    <subfield code="a">vwu20130129</subfield>
    <subfield code="b">20130129</subfield>
    <subfield code="c">u</subfield>
  </datafield>
</record>