

    
    <record>
        <controlfield tag="001">712114</controlfield>
        <controlfield tag="000">00000nam\\2200025#a\4500</controlfield>
        <controlfield tag="005">20170412220558.0</controlfield>
        <controlfield tag="008">111006s2011\\\\usa\\\\#r\\\\\|||1|\eng\d</controlfield>
        <datafield tag="022" ind1=" " ind2=" ">
            <subfield code="a">0251-964X</subfield>
        </datafield>
        <datafield tag="029" ind1=" " ind2=" ">
            <subfield code="a">JN</subfield>
            <subfield code="b">N1125996 E</subfield>
        </datafield>
        <datafield tag="035" ind1=" " ind2=" ">
            <subfield code="a">D0382903</subfield>
        </datafield>
        <datafield tag="035" ind1=" " ind2=" ">
            <subfield code="a">(DHL)956830</subfield>
        </datafield>
        <datafield tag="039" ind1=" " ind2=" ">
            <subfield code="a">DHU</subfield>
        </datafield>
        <datafield tag="040" ind1=" " ind2=" ">
            <subfield code="a">NNUN</subfield>
            <subfield code="b">eng</subfield>
        </datafield>
        <datafield tag="041" ind1=" " ind2=" ">
            <subfield code="a">arachiengfrerusspa</subfield>
        </datafield>
        <datafield tag="049" ind1=" " ind2=" ">
            <subfield code="a">usa</subfield>
        </datafield>
        <datafield tag="089" ind1=" " ind2=" ">
            <subfield code="b">B04</subfield>
        </datafield>
        <datafield tag="089" ind1=" " ind2=" ">
            <subfield code="b">B02</subfield>
        </datafield>
        <datafield tag="091" ind1=" " ind2=" ">
            <subfield code="a">GEN</subfield>
        </datafield>
        <datafield tag="099" ind1=" " ind2=" ">
            <subfield code="a">UNH</subfield>
            <subfield code="b">DHU</subfield>
            <subfield code="c">E(01)/R3</subfield>
            <subfield code="q">E01R3</subfield>
        </datafield>
        <datafield tag="191" ind1=" " ind2=" ">
            <subfield code="0">1228995</subfield>
            <subfield code="9">C00</subfield>
            <subfield code="a">E/2011/26</subfield>
            <subfield code="b">E/</subfield>
            <subfield code="c">2011-S</subfield>
            <subfield code="q">E201126</subfield>
            <subfield code="r">E2011S</subfield>
        </datafield>
        <datafield tag="191" ind1=" " ind2=" ">
            <subfield code="0">1228651</subfield>
            <subfield code="a">E/CN.5/2011/12</subfield>
            <subfield code="b">E/CN.5/</subfield>
            <subfield code="c">49</subfield>
            <subfield code="q">ECN5201112</subfield>
            <subfield code="r">ECN549</subfield>
        </datafield>
        <datafield tag="245" ind1="1" ind2="0">
            <subfield code="a">Commission for Social Development :</subfield>
            <subfield code="b">report on the 49th session (19 February 2010 and 9-18 February 2011)</subfield>
        </datafield>
        <datafield tag="260" ind1=" " ind2=" ">
            <subfield code="a">New York :</subfield>
            <subfield code="b">UN,</subfield>
            <subfield code="c">2011</subfield>
        </datafield>
        <datafield tag="269" ind1=" " ind2=" ">
            <subfield code="a">2011</subfield>
        </datafield>
        <datafield tag="300" ind1=" " ind2=" ">
            <subfield code="a">iv, 31 p.</subfield>
        </datafield>
        <datafield tag="495" ind1=" " ind2=" ">
            <subfield code="a">ESCOR, 2011, Suppl. no. 6</subfield>
        </datafield>
        <datafield tag="500" ind1=" " ind2=" ">
            <subfield code="a">"Annex: List of documents before the Commission for Social Development at its 49th session": p. 30-31.</subfield>
        </datafield>
        <datafield tag="610" ind1="2" ind2="7">
            <subfield code="0">1114119</subfield>
            <subfield code="2">unbisn</subfield>
            <subfield code="a">New Partnership for Africa's Development</subfield>
        </datafield>
        <datafield tag="610" ind1="2" ind2="7">
            <subfield code="0">1230107</subfield>
            <subfield code="2">unbis</subfield>
            <subfield code="a">UN. Commission for Social Development (49th sess. : 2011 : New York)</subfield>
            <subfield code="g">Work organization</subfield>
        </datafield>
        <datafield tag="610" ind1="2" ind2="7">
            <subfield code="0">1235121</subfield>
            <subfield code="2">unbis</subfield>
            <subfield code="a">UN. Commission for Social Development (49th sess. : 2011 : New York)</subfield>
            <subfield code="g">Resolutions and decisions</subfield>
        </datafield>
        <datafield tag="610" ind1="2" ind2="7">
            <subfield code="0">1038611</subfield>
            <subfield code="2">unbisn</subfield>
            <subfield code="a">UN. General Assembly (24th special sess. : 2000 : Geneva)</subfield>
        </datafield>
        <datafield tag="610" ind1="0" ind2="4">
            <subfield code="0">945118</subfield>
            <subfield code="2">unbisn</subfield>
            <subfield code="a">UN RESEARCH INSTITUTE FOR SOCIAL DEVELOPMENT</subfield>
            <subfield code="g">MEMBERS.</subfield>
        </datafield>
        <datafield tag="611" ind1="2" ind2="7">
            <subfield code="0">905063</subfield>
            <subfield code="2">unbisn</subfield>
            <subfield code="a">World Summit for Social Development (1995 : Copenhagen)</subfield>
        </datafield>
        <datafield tag="630" ind1="0" ind2="7">
            <subfield code="0">891203</subfield>
            <subfield code="2">unbisn</subfield>
            <subfield code="a">International Year of the Family (1994)</subfield>
        </datafield>
        <datafield tag="630" ind1="0" ind2="7">
            <subfield code="0">1104229</subfield>
            <subfield code="2">unbisn</subfield>
            <subfield code="a">Madrid International Plan of Action on Ageing (2002)</subfield>
        </datafield>
        <datafield tag="650" ind1="1" ind2="7">
            <subfield code="0">1278205</subfield>
            <subfield code="2">unbist</subfield>
            <subfield code="a">PARTNERSHIP</subfield>
        </datafield>
        <datafield tag="650" ind1="1" ind2="7">
            <subfield code="0">1278574</subfield>
            <subfield code="2">unbist</subfield>
            <subfield code="a">DEVELOPMENT ASSISTANCE</subfield>
        </datafield>
        <datafield tag="650" ind1="1" ind2="7">
            <subfield code="0">1281249</subfield>
            <subfield code="2">unbist</subfield>
            <subfield code="a">SOCIAL DEVELOPMENT</subfield>
        </datafield>
        <datafield tag="650" ind1="1" ind2="7">
            <subfield code="0">1281255</subfield>
            <subfield code="2">unbist</subfield>
            <subfield code="a">SOCIAL INTEGRATION</subfield>
        </datafield>
        <datafield tag="650" ind1="2" ind2="7">
            <subfield code="0">1280612</subfield>
            <subfield code="2">unbist</subfield>
            <subfield code="a">PERSONS WITH DISABILITIES</subfield>
        </datafield>
        <datafield tag="650" ind1="2" ind2="7">
            <subfield code="0">1280615</subfield>
            <subfield code="2">unbist</subfield>
            <subfield code="a">AGEING</subfield>
        </datafield>
        <datafield tag="650" ind1="2" ind2="7">
            <subfield code="0">1281195</subfield>
            <subfield code="2">unbist</subfield>
            <subfield code="a">FAMILY</subfield>
        </datafield>
        <datafield tag="650" ind1="2" ind2="7">
            <subfield code="0">1281311</subfield>
            <subfield code="2">unbist</subfield>
            <subfield code="a">POVERTY MITIGATION</subfield>
        </datafield>
        <datafield tag="650" ind1="2" ind2="7">
            <subfield code="0">1283243</subfield>
            <subfield code="2">unbist</subfield>
            <subfield code="a">PROGRAMME IMPLEMENTATION</subfield>
        </datafield>
        <datafield tag="650" ind1="2" ind2="7">
            <subfield code="0">1281649</subfield>
            <subfield code="2">unbist</subfield>
            <subfield code="a">DOCUMENTS</subfield>
        </datafield>
        <datafield tag="650" ind1="2" ind2="7">
            <subfield code="0">1280612</subfield>
            <subfield code="2">unbist</subfield>
            <subfield code="a">PERSONS WITH DISABILITIES</subfield>
        </datafield>
        <datafield tag="650" ind1="2" ind2="7">
            <subfield code="0">1284495</subfield>
            <subfield code="2">unbist</subfield>
            <subfield code="a">YOUTH POLICY</subfield>
        </datafield>
        <datafield tag="651" ind1="1" ind2="7">
            <subfield code="0">1282072</subfield>
            <subfield code="2">unbist</subfield>
            <subfield code="a">AFRICA</subfield>
        </datafield>
        <datafield tag="710" ind1="2" ind2=" ">
            <subfield code="0">1203986</subfield>
            <subfield code="a">UN. Commission for Social Development (48th sess. : 2010 : New York)</subfield>
        </datafield>
        <datafield tag="830" ind1=" " ind2=" ">
            <subfield code="0">1275481</subfield>
            <subfield code="a">Report of the Commission for Social Development</subfield>
        </datafield>
        <datafield tag="830" ind1=" " ind2=" ">
            <subfield code="0">1275403</subfield>
            <subfield code="a">Economic and Social Council. Official Records. Supplement</subfield>
        </datafield>
        <datafield tag="856" ind1="4" ind2=" ">
            <subfield code="s">343564</subfield>
            <subfield code="u">http://digitallibrary.un.org/record/712114/files/E_2011_26_E_CN.5_2011_12-AR.pdf</subfield>
            <subfield code="y">العربية</subfield>
        </datafield>
        <datafield tag="856" ind1="4" ind2=" ">
            <subfield code="s">376309</subfield>
            <subfield code="u">http://digitallibrary.un.org/record/712114/files/E_2011_26_E_CN.5_2011_12-ZH.pdf</subfield>
            <subfield code="y">中文</subfield>
        </datafield>
        <datafield tag="856" ind1="4" ind2=" ">
            <subfield code="s">169741</subfield>
            <subfield code="u">http://digitallibrary.un.org/record/712114/files/E_2011_26_E_CN.5_2011_12-EN.pdf</subfield>
            <subfield code="y">English</subfield>
        </datafield>
        <datafield tag="856" ind1="4" ind2=" ">
            <subfield code="s">172105</subfield>
            <subfield code="u">http://digitallibrary.un.org/record/712114/files/E_2011_26_E_CN.5_2011_12-FR.pdf</subfield>
            <subfield code="y">Français</subfield>
        </datafield>
        <datafield tag="856" ind1="4" ind2=" ">
            <subfield code="s">450327</subfield>
            <subfield code="u">http://digitallibrary.un.org/record/712114/files/E_2011_26_E_CN.5_2011_12-RU.pdf</subfield>
            <subfield code="y">Русский</subfield>
        </datafield>
        <datafield tag="856" ind1="4" ind2=" ">
            <subfield code="s">276025</subfield>
            <subfield code="u">http://digitallibrary.un.org/record/712114/files/E_2011_26_E_CN.5_2011_12-ES.pdf</subfield>
            <subfield code="y">Español</subfield>
        </datafield>
        <datafield tag="930" ind1=" " ind2=" ">
            <subfield code="a">UNDOC11</subfield>
        </datafield>
        <datafield tag="949" ind1=" " ind2=" ">
            <subfield code="9">E/CN.5/2011/12</subfield>
            <subfield code="b">1808747.9.1</subfield>
            <subfield code="c">c. 1</subfield>
            <subfield code="d">20111005200000</subfield>
            <subfield code="i">1808747</subfield>
            <subfield code="k">unfs</subfield>
            <subfield code="l">DHL</subfield>
            <subfield code="m">14day</subfield>
            <subfield code="z">t</subfield>
        </datafield>
        <datafield tag="949" ind1=" " ind2=" ">
            <subfield code="9">E(01)/R3</subfield>
            <subfield code="b">10000000956830</subfield>
            <subfield code="c">c. 1</subfield>
            <subfield code="d">20111005200000</subfield>
            <subfield code="i">1808738</subfield>
            <subfield code="k">unes</subfield>
            <subfield code="l">DHL</subfield>
            <subfield code="m">14day</subfield>
            <subfield code="z">t</subfield>
        </datafield>
        <datafield tag="949" ind1=" " ind2=" ">
            <subfield code="9">E(01)/R3</subfield>
            <subfield code="b">1808742.4.1</subfield>
            <subfield code="c">c. 1</subfield>
            <subfield code="d">20111005200000</subfield>
            <subfield code="i">1808742</subfield>
            <subfield code="k">unrs</subfield>
            <subfield code="l">DHL</subfield>
            <subfield code="m">14day</subfield>
            <subfield code="z">t</subfield>
        </datafield>
        <datafield tag="949" ind1=" " ind2=" ">
            <subfield code="9">E(01)/R3</subfield>
            <subfield code="b">1808741.3.1</subfield>
            <subfield code="c">c. 1</subfield>
            <subfield code="d">20111005200000</subfield>
            <subfield code="i">1808741</subfield>
            <subfield code="k">unfs</subfield>
            <subfield code="l">DHL</subfield>
            <subfield code="m">14day</subfield>
            <subfield code="z">t</subfield>
        </datafield>
        <datafield tag="949" ind1=" " ind2=" ">
            <subfield code="9">E/CN.5/2011/12</subfield>
            <subfield code="b">1808748.10.1</subfield>
            <subfield code="c">c. 1</subfield>
            <subfield code="d">20111005200000</subfield>
            <subfield code="i">1808748</subfield>
            <subfield code="k">unrs</subfield>
            <subfield code="l">DHL</subfield>
            <subfield code="m">14day</subfield>
            <subfield code="z">t</subfield>
        </datafield>
        <datafield tag="949" ind1=" " ind2=" ">
            <subfield code="9">E(01)/R3</subfield>
            <subfield code="b">1808743.5.1</subfield>
            <subfield code="c">c. 1</subfield>
            <subfield code="d">20111005200000</subfield>
            <subfield code="i">1808743</subfield>
            <subfield code="k">unss</subfield>
            <subfield code="l">DHL</subfield>
            <subfield code="m">14day</subfield>
            <subfield code="z">t</subfield>
        </datafield>
        <datafield tag="949" ind1=" " ind2=" ">
            <subfield code="9">E(01)/R3</subfield>
            <subfield code="b">1808740.2.1</subfield>
            <subfield code="c">c. 1</subfield>
            <subfield code="d">20111005200000</subfield>
            <subfield code="i">1808740</subfield>
            <subfield code="k">uncs</subfield>
            <subfield code="l">DHL</subfield>
            <subfield code="m">14day</subfield>
            <subfield code="z">t</subfield>
        </datafield>
        <datafield tag="949" ind1=" " ind2=" ">
            <subfield code="9">E/CN.5/2011/12</subfield>
            <subfield code="b">1808746.8.1</subfield>
            <subfield code="c">c. 1</subfield>
            <subfield code="d">20111005200000</subfield>
            <subfield code="i">1808746</subfield>
            <subfield code="k">uncs</subfield>
            <subfield code="l">DHL</subfield>
            <subfield code="m">14day</subfield>
            <subfield code="z">t</subfield>
        </datafield>
        <datafield tag="949" ind1=" " ind2=" ">
            <subfield code="9">E(01)/R3</subfield>
            <subfield code="b">1808739.1.1</subfield>
            <subfield code="c">c. 1</subfield>
            <subfield code="d">20111005200000</subfield>
            <subfield code="i">1808739</subfield>
            <subfield code="k">unas</subfield>
            <subfield code="l">DHL</subfield>
            <subfield code="m">14day</subfield>
            <subfield code="z">t</subfield>
        </datafield>
        <datafield tag="949" ind1=" " ind2=" ">
            <subfield code="9">E/CN.5/2011/12</subfield>
            <subfield code="b">1808744.6.1</subfield>
            <subfield code="c">c. 1</subfield>
            <subfield code="d">20111005200000</subfield>
            <subfield code="i">1808744</subfield>
            <subfield code="k">unes</subfield>
            <subfield code="l">DHL</subfield>
            <subfield code="m">14day</subfield>
            <subfield code="z">t</subfield>
        </datafield>
        <datafield tag="949" ind1=" " ind2=" ">
            <subfield code="9">E/CN.5/2011/12</subfield>
            <subfield code="b">1808745.7.1</subfield>
            <subfield code="c">c. 1</subfield>
            <subfield code="d">20111005200000</subfield>
            <subfield code="i">1808745</subfield>
            <subfield code="k">unas</subfield>
            <subfield code="l">DHL</subfield>
            <subfield code="m">14day</subfield>
            <subfield code="z">t</subfield>
        </datafield>
        <datafield tag="949" ind1=" " ind2=" ">
            <subfield code="9">E/CN.5/2011/12</subfield>
            <subfield code="b">1808749.11.1</subfield>
            <subfield code="c">c. 1</subfield>
            <subfield code="d">20111005200000</subfield>
            <subfield code="i">1808749</subfield>
            <subfield code="k">unss</subfield>
            <subfield code="l">DHL</subfield>
            <subfield code="m">14day</subfield>
            <subfield code="z">t</subfield>
        </datafield>
        <datafield tag="980" ind1=" " ind2=" ">
            <subfield code="a">BIB</subfield>
        </datafield>
        <datafield tag="989" ind1=" " ind2=" ">
            <subfield code="a">Documents and Publications</subfield>
            <subfield code="b">Reports</subfield>
            <subfield code="c">Annual and Sessional Reports</subfield>
        </datafield>
        <datafield tag="989" ind1=" " ind2=" ">
            <subfield code="a">Documents and Publications</subfield>
            <subfield code="b">Publications</subfield>
        </datafield>
        <datafield tag="989" ind1=" " ind2=" ">
            <subfield code="a">Documents and Publications</subfield>
            <subfield code="b">Draft Resolutions and Decisions</subfield>
        </datafield>
        <datafield tag="991" ind1="2" ind2=" ">
            <subfield code="0">1232182</subfield>
            <subfield code="a">E/2011/100</subfield>
            <subfield code="b">14b</subfield>
            <subfield code="c">Social development.</subfield>
            <subfield code="d">SOCIAL DEVELOPMENT</subfield>
            <subfield code="z">I</subfield>
        </datafield>
        <datafield tag="998" ind1=" " ind2=" ">
            <subfield code="a">20111006083300</subfield>
            <subfield code="b">mlcat</subfield>
            <subfield code="c">20170109101800</subfield>
            <subfield code="d">shkcat</subfield>
        </datafield>
        <datafield tag="999" ind1=" " ind2=" ">
            <subfield code="a">mleq20111006</subfield>
            <subfield code="b">20111006</subfield>
            <subfield code="c">q</subfield>
        </datafield>
        <datafield tag="999" ind1=" " ind2=" ">
            <subfield code="a">mhc20111007</subfield>
            <subfield code="b">20111007</subfield>
            <subfield code="c">c</subfield>
        </datafield>
        <datafield tag="999" ind1=" " ind2=" ">
            <subfield code="a">slr20111012</subfield>
            <subfield code="b">20111012</subfield>
            <subfield code="c">r</subfield>
        </datafield>
        <datafield tag="999" ind1=" " ind2=" ">
            <subfield code="a">vwt20111010</subfield>
            <subfield code="b">20111010</subfield>
            <subfield code="c">t</subfield>
        </datafield>
        <datafield tag="999" ind1=" " ind2=" ">
            <subfield code="a">shku20170109</subfield>
            <subfield code="b">20170109</subfield>
            <subfield code="c">u</subfield>
        </datafield>
    </record>