

    
    <record>
        <controlfield tag="001">710828</controlfield>
        <controlfield tag="000">00000nam\\2200025#a\4500</controlfield>
        <controlfield tag="005">20170412204504.0</controlfield>
        <controlfield tag="008">110919s2011\\\\usa\\\\#r\\\\\|||1|\eng\d</controlfield>
        <datafield tag="029" ind1=" " ind2=" ">
            <subfield code="a">JN</subfield>
            <subfield code="b">N1139338 E</subfield>
        </datafield>
        <datafield tag="035" ind1=" " ind2=" ">
            <subfield code="a">D0382412</subfield>
        </datafield>
        <datafield tag="035" ind1=" " ind2=" ">
            <subfield code="a">(DHL)955333</subfield>
        </datafield>
        <datafield tag="039" ind1=" " ind2=" ">
            <subfield code="a">DHU</subfield>
        </datafield>
        <datafield tag="040" ind1=" " ind2=" ">
            <subfield code="a">NNUN</subfield>
            <subfield code="b">eng</subfield>
        </datafield>
        <datafield tag="041" ind1=" " ind2=" ">
            <subfield code="a">arachiengfrerusspa</subfield>
        </datafield>
        <datafield tag="049" ind1=" " ind2=" ">
            <subfield code="a">usa</subfield>
        </datafield>
        <datafield tag="089" ind1=" " ind2=" ">
            <subfield code="b">B03</subfield>
        </datafield>
        <datafield tag="089" ind1=" " ind2=" ">
            <subfield code="b">B07</subfield>
        </datafield>
        <datafield tag="091" ind1=" " ind2=" ">
            <subfield code="a">GEN</subfield>
        </datafield>
        <datafield tag="099" ind1=" " ind2=" ">
            <subfield code="a">UNH</subfield>
            <subfield code="b">DHU</subfield>
            <subfield code="c">A(01)/R3</subfield>
            <subfield code="q">A01R3</subfield>
        </datafield>
        <datafield tag="191" ind1=" " ind2=" ">
            <subfield code="0">1221254</subfield>
            <subfield code="9">G88</subfield>
            <subfield code="a">A/65/PV.105</subfield>
            <subfield code="b">A/</subfield>
            <subfield code="c">65</subfield>
            <subfield code="q">A65PV105</subfield>
            <subfield code="r">A65</subfield>
        </datafield>
        <datafield tag="245" ind1="1" ind2="0">
            <subfield code="a">General Assembly official records, 65th session :</subfield>
            <subfield code="b">105th plenary meeting, Wednesday, 29 June 2011, New York</subfield>
        </datafield>
        <datafield tag="260" ind1=" " ind2=" ">
            <subfield code="a">[New York] :</subfield>
            <subfield code="b">UN,</subfield>
            <subfield code="c">[2011]</subfield>
        </datafield>
        <datafield tag="269" ind1=" " ind2=" ">
            <subfield code="a">2011</subfield>
        </datafield>
        <datafield tag="300" ind1=" " ind2=" ">
            <subfield code="a">9 p.</subfield>
        </datafield>
        <datafield tag="495" ind1=" " ind2=" ">
            <subfield code="a">GAOR, 65th sess., Meeting records</subfield>
        </datafield>
        <datafield tag="610" ind1="2" ind2="7">
            <subfield code="0">951282</subfield>
            <subfield code="2">unbisn</subfield>
            <subfield code="a">UN. Economic and Social Council</subfield>
            <subfield code="g">Work programme</subfield>
        </datafield>
        <datafield tag="610" ind1="2" ind2="7">
            <subfield code="0">1185112</subfield>
            <subfield code="2">unbisn</subfield>
            <subfield code="a">UN Dispute Tribunal</subfield>
        </datafield>
        <datafield tag="650" ind1="1" ind2="7">
            <subfield code="0">1282630</subfield>
            <subfield code="2">unbist</subfield>
            <subfield code="a">OPERATIONAL ACTIVITIES</subfield>
        </datafield>
        <datafield tag="650" ind1="1" ind2="7">
            <subfield code="0">1284185</subfield>
            <subfield code="2">unbist</subfield>
            <subfield code="a">GRADUATION</subfield>
        </datafield>
        <datafield tag="650" ind1="1" ind2="7">
            <subfield code="0">1278384</subfield>
            <subfield code="2">unbist</subfield>
            <subfield code="a">LEAST DEVELOPED COUNTRIES</subfield>
        </datafield>
        <datafield tag="650" ind1="1" ind2="7">
            <subfield code="0">1284433</subfield>
            <subfield code="2">unbist</subfield>
            <subfield code="a">GEORGIAN REFUGEES</subfield>
        </datafield>
        <datafield tag="650" ind1="1" ind2="7">
            <subfield code="0">1280969</subfield>
            <subfield code="2">unbist</subfield>
            <subfield code="a">DISPLACED PERSONS</subfield>
        </datafield>
        <datafield tag="650" ind1="2" ind2="7">
            <subfield code="0">1284184</subfield>
            <subfield code="2">unbist</subfield>
            <subfield code="a">GEORGIA SITUATION</subfield>
        </datafield>
        <datafield tag="650" ind1="2" ind2="7">
            <subfield code="0">1283251</subfield>
            <subfield code="2">unbist</subfield>
            <subfield code="a">APPOINTMENT OF OFFICIALS</subfield>
        </datafield>
        <datafield tag="650" ind1="2" ind2="7">
            <subfield code="0">1278166</subfield>
            <subfield code="2">unbist</subfield>
            <subfield code="a">JUDGES</subfield>
        </datafield>
        <datafield tag="650" ind1="2" ind2="7">
            <subfield code="0">1283243</subfield>
            <subfield code="2">unbist</subfield>
            <subfield code="a">PROGRAMME IMPLEMENTATION</subfield>
        </datafield>
        <datafield tag="651" ind1="1" ind2="7">
            <subfield code="0">1276794</subfield>
            <subfield code="2">unbist</subfield>
            <subfield code="a">ABKHAZIA (GEORGIA)</subfield>
        </datafield>
        <datafield tag="651" ind1="1" ind2="7">
            <subfield code="0">1284080</subfield>
            <subfield code="2">unbist</subfield>
            <subfield code="a">GEORGIA</subfield>
        </datafield>
        <datafield tag="793" ind1=" " ind2=" ">
            <subfield code="a">PL</subfield>
        </datafield>
        <datafield tag="856" ind1="4" ind2=" ">
            <subfield code="s">192098</subfield>
            <subfield code="u">http://digitallibrary.un.org/record/710828/files/A_65_PV.105-AR.pdf</subfield>
            <subfield code="y">العربية</subfield>
        </datafield>
        <datafield tag="856" ind1="4" ind2=" ">
            <subfield code="s">376313</subfield>
            <subfield code="u">http://digitallibrary.un.org/record/710828/files/A_65_PV.105-ZH.pdf</subfield>
            <subfield code="y">中文</subfield>
        </datafield>
        <datafield tag="856" ind1="4" ind2=" ">
            <subfield code="s">69876</subfield>
            <subfield code="u">http://digitallibrary.un.org/record/710828/files/A_65_PV.105-EN.pdf</subfield>
            <subfield code="y">English</subfield>
        </datafield>
        <datafield tag="856" ind1="4" ind2=" ">
            <subfield code="s">91531</subfield>
            <subfield code="u">http://digitallibrary.un.org/record/710828/files/A_65_PV.105-FR.pdf</subfield>
            <subfield code="y">Français</subfield>
        </datafield>
        <datafield tag="856" ind1="4" ind2=" ">
            <subfield code="s">286974</subfield>
            <subfield code="u">http://digitallibrary.un.org/record/710828/files/A_65_PV.105-RU.pdf</subfield>
            <subfield code="y">Русский</subfield>
        </datafield>
        <datafield tag="856" ind1="4" ind2=" ">
            <subfield code="s">170236</subfield>
            <subfield code="u">http://digitallibrary.un.org/record/710828/files/A_65_PV.105-ES.pdf</subfield>
            <subfield code="y">Español</subfield>
        </datafield>
        <datafield tag="930" ind1=" " ind2=" ">
            <subfield code="a">UNDSE11</subfield>
        </datafield>
        <datafield tag="949" ind1=" " ind2=" ">
            <subfield code="9">A(01)/R3</subfield>
            <subfield code="b">1802674.2.1</subfield>
            <subfield code="c">c. 1</subfield>
            <subfield code="d">20110918200000</subfield>
            <subfield code="i">1802674</subfield>
            <subfield code="k">uncs</subfield>
            <subfield code="l">DHL</subfield>
            <subfield code="m">14day</subfield>
            <subfield code="z">t</subfield>
        </datafield>
        <datafield tag="949" ind1=" " ind2=" ">
            <subfield code="9">A(01)/R3</subfield>
            <subfield code="b">1802676.4.1</subfield>
            <subfield code="c">c. 1</subfield>
            <subfield code="d">20110918200000</subfield>
            <subfield code="i">1802676</subfield>
            <subfield code="k">unrs</subfield>
            <subfield code="l">DHL</subfield>
            <subfield code="m">14day</subfield>
            <subfield code="z">t</subfield>
        </datafield>
        <datafield tag="949" ind1=" " ind2=" ">
            <subfield code="9">A(01)/R3</subfield>
            <subfield code="b">1802675.3.1</subfield>
            <subfield code="c">c. 1</subfield>
            <subfield code="d">20110918200000</subfield>
            <subfield code="i">1802675</subfield>
            <subfield code="k">unfs</subfield>
            <subfield code="l">DHL</subfield>
            <subfield code="m">14day</subfield>
            <subfield code="z">t</subfield>
        </datafield>
        <datafield tag="949" ind1=" " ind2=" ">
            <subfield code="9">A(01)/R3</subfield>
            <subfield code="b">1802673.1.1</subfield>
            <subfield code="c">c. 1</subfield>
            <subfield code="d">20110918200000</subfield>
            <subfield code="i">1802673</subfield>
            <subfield code="k">unas</subfield>
            <subfield code="l">DHL</subfield>
            <subfield code="m">14day</subfield>
            <subfield code="z">t</subfield>
        </datafield>
        <datafield tag="949" ind1=" " ind2=" ">
            <subfield code="9">A(01)/R3</subfield>
            <subfield code="b">10000000955333</subfield>
            <subfield code="c">c. 1</subfield>
            <subfield code="d">20110918200000</subfield>
            <subfield code="i">1802672</subfield>
            <subfield code="k">unes</subfield>
            <subfield code="l">DHL</subfield>
            <subfield code="m">14day</subfield>
            <subfield code="z">t</subfield>
        </datafield>
        <datafield tag="949" ind1=" " ind2=" ">
            <subfield code="9">A(01)/R3</subfield>
            <subfield code="b">1802677.5.1</subfield>
            <subfield code="c">c. 1</subfield>
            <subfield code="d">20110918200000</subfield>
            <subfield code="i">1802677</subfield>
            <subfield code="k">unss</subfield>
            <subfield code="l">DHL</subfield>
            <subfield code="m">14day</subfield>
            <subfield code="z">t</subfield>
        </datafield>
        <datafield tag="980" ind1=" " ind2=" ">
            <subfield code="a">BIB</subfield>
        </datafield>
        <datafield tag="989" ind1=" " ind2=" ">
            <subfield code="a">Documents and Publications</subfield>
            <subfield code="b">Meeting Records</subfield>
            <subfield code="c">Verbatim Records</subfield>
        </datafield>
        <datafield tag="991" ind1="1" ind2=" ">
            <subfield code="0">1221291</subfield>
            <subfield code="a">A/65/251</subfield>
            <subfield code="b">13</subfield>
            <subfield code="c">Integrated and coordinated implementation of and follow-up to the outcomes of the major United Nations conferences and summits in the economic, social and related fields.</subfield>
            <subfield code="d">UN CONFERENCES--FOLLOW-UP</subfield>
            <subfield code="e">At the 105th meeting, draft resolution A/65/L.81 was adopted without vote: resolution 65/285</subfield>
            <subfield code="z">I</subfield>
        </datafield>
        <datafield tag="991" ind1="1" ind2=" ">
            <subfield code="0">1222005</subfield>
            <subfield code="a">A/65/251</subfield>
            <subfield code="b">115</subfield>
            <subfield code="c">Follow-up to the outcome of the Millennium Summit.</subfield>
            <subfield code="d">MILLENNIUM SUMMIT (2000 : NEW YORK)--FOLLOW-UP</subfield>
            <subfield code="e">At the 105th meeting, draft resolution A/65/L.81 was adopted without vote: resolution 65/285</subfield>
            <subfield code="z">I</subfield>
        </datafield>
        <datafield tag="991" ind1="1" ind2=" ">
            <subfield code="0">1221282</subfield>
            <subfield code="a">A/65/251</subfield>
            <subfield code="b">7</subfield>
            <subfield code="c">Organization of work, adoption of the agenda and allocation of items : reports of the General Committee.</subfield>
            <subfield code="d">UN. GENERAL ASSEMBLY (65TH SESS. : 2010-2011)--AGENDA</subfield>
            <subfield code="e">At the 105th meeting, the Assembly decided to reopen consideration of agenda item 23 and to consider it directly in plenary meeting: decision 65/503 B</subfield>
            <subfield code="z">I</subfield>
        </datafield>
        <datafield tag="991" ind1="1" ind2=" ">
            <subfield code="0">1221363</subfield>
            <subfield code="a">A/65/251</subfield>
            <subfield code="b">23</subfield>
            <subfield code="c">Groups of countries in special situations.</subfield>
        </datafield>
        <datafield tag="991" ind1="1" ind2=" ">
            <subfield code="0">1221364</subfield>
            <subfield code="a">A/65/251</subfield>
            <subfield code="b">23a</subfield>
            <subfield code="c">Fourth United Nations Conference on the Least Developed Countries.</subfield>
            <subfield code="d">LEAST DEVELOPED COUNTRIES--CONFERENCE (4TH : 2011 : ISTANBUL)</subfield>
            <subfield code="e">At the 105th meeting, draft resolution A/65/L.66/Rev.1 was adopted without vote: resolution 65/286</subfield>
            <subfield code="z">I</subfield>
        </datafield>
        <datafield tag="991" ind1="1" ind2=" ">
            <subfield code="0">1221365</subfield>
            <subfield code="a">A/65/251</subfield>
            <subfield code="b">23b</subfield>
            <subfield code="c">Specific actions related to the particular needs and problems of landlocked developing countries : outcome of the International Ministerial Conference of Landlocked and Transit Developing Countries and Donor Countries and International Financial and Development Institutions on Transit Transport Cooperation.</subfield>
            <subfield code="d">LANDLOCKED DEVELOPING COUNTRIES</subfield>
            <subfield code="e">At the 105th meeting, draft resolution A/65/L.66/Rev.1 was adopted without vote: resolution 65/286</subfield>
            <subfield code="z">I</subfield>
        </datafield>
        <datafield tag="991" ind1="1" ind2=" ">
            <subfield code="0">1232968</subfield>
            <subfield code="a">A/65/251</subfield>
            <subfield code="b">113h</subfield>
            <subfield code="c">Appointment of ad litem judges of the United Nations Dispute Tribunal.</subfield>
            <subfield code="d">UN DISPUTE TRIBUNAL--JUDGES</subfield>
            <subfield code="e">At the 105th meeting, the Assembly decided to extend the terms of office of the 2 ad litem judges, Jean-François Cousin (France) and Nkemdilim Amelia Izuako (Nigeria) for an additional 6 months beginning on 1 July 2011: decision 65/419</subfield>
            <subfield code="z">I</subfield>
        </datafield>
        <datafield tag="991" ind1="1" ind2=" ">
            <subfield code="0">1221395</subfield>
            <subfield code="a">A/65/251</subfield>
            <subfield code="b">34</subfield>
            <subfield code="c">Protracted conflicts in the GUAM area and their implications for international peace, security and development.</subfield>
            <subfield code="d">ORGANIZATION FOR DEMOCRACY AND ECONOMIC DEVELOPMENT--GUAM</subfield>
            <subfield code="e">At the 105th meeting, draft resolution A/65/L.74 was adopted (57-13-74): resolution 65/287</subfield>
            <subfield code="z">I</subfield>
        </datafield>
        <datafield tag="992" ind1=" " ind2=" ">
            <subfield code="a">20110629</subfield>
        </datafield>
        <datafield tag="998" ind1=" " ind2=" ">
            <subfield code="a">20110919052900</subfield>
            <subfield code="b">kroy</subfield>
            <subfield code="c">20121218053200</subfield>
            <subfield code="d">vwcat2</subfield>
        </datafield>
        <datafield tag="999" ind1=" " ind2=" ">
            <subfield code="a">krq20110919</subfield>
            <subfield code="b">20110919</subfield>
            <subfield code="c">q</subfield>
        </datafield>
        <datafield tag="999" ind1=" " ind2=" ">
            <subfield code="a">slr20110919</subfield>
            <subfield code="b">20110919</subfield>
            <subfield code="c">r</subfield>
        </datafield>
        <datafield tag="999" ind1=" " ind2=" ">
            <subfield code="a">mhc20110919</subfield>
            <subfield code="b">20110919</subfield>
            <subfield code="c">c</subfield>
        </datafield>
        <datafield tag="999" ind1=" " ind2=" ">
            <subfield code="a">vwt20110921</subfield>
            <subfield code="b">20110921</subfield>
            <subfield code="c">t</subfield>
        </datafield>
        <datafield tag="999" ind1=" " ind2=" ">
            <subfield code="a">vwu20110923</subfield>
            <subfield code="b">20110923</subfield>
            <subfield code="c">u</subfield>
        </datafield>
    </record>