

    
    <record>
        <controlfield tag="001">710736</controlfield>
        <controlfield tag="000">00000nam\\2200025#a\4500</controlfield>
        <controlfield tag="005">20170412204503.0</controlfield>
        <controlfield tag="008">110916s2011\\\\usa\\\\#r\\\\\|||1|\eng\d</controlfield>
        <datafield tag="029" ind1=" " ind2=" ">
            <subfield code="a">JN</subfield>
            <subfield code="b">N1137197 E</subfield>
        </datafield>
        <datafield tag="035" ind1=" " ind2=" ">
            <subfield code="a">D0382375</subfield>
        </datafield>
        <datafield tag="035" ind1=" " ind2=" ">
            <subfield code="a">(DHL)955226</subfield>
        </datafield>
        <datafield tag="039" ind1=" " ind2=" ">
            <subfield code="a">DHU</subfield>
        </datafield>
        <datafield tag="040" ind1=" " ind2=" ">
            <subfield code="a">NNUN</subfield>
            <subfield code="b">eng</subfield>
        </datafield>
        <datafield tag="041" ind1=" " ind2=" ">
            <subfield code="a">arachiengfrerusspa</subfield>
        </datafield>
        <datafield tag="049" ind1=" " ind2=" ">
            <subfield code="a">usa</subfield>
        </datafield>
        <datafield tag="089" ind1=" " ind2=" ">
            <subfield code="b">B03</subfield>
        </datafield>
        <datafield tag="091" ind1=" " ind2=" ">
            <subfield code="a">GEN</subfield>
        </datafield>
        <datafield tag="099" ind1=" " ind2=" ">
            <subfield code="a">UNH</subfield>
            <subfield code="b">DHU</subfield>
            <subfield code="c">A(01)/R3</subfield>
            <subfield code="q">A01R3</subfield>
        </datafield>
        <datafield tag="191" ind1=" " ind2=" ">
            <subfield code="0">1221254</subfield>
            <subfield code="9">G88</subfield>
            <subfield code="a">A/65/PV.96</subfield>
            <subfield code="b">A/</subfield>
            <subfield code="c">65</subfield>
            <subfield code="q">A65PV96</subfield>
            <subfield code="r">A65</subfield>
        </datafield>
        <datafield tag="245" ind1="1" ind2="0">
            <subfield code="a">General Assembly official records, 65th session :</subfield>
            <subfield code="b">96th plenary meeting, Monday, 13 June 2011, New York</subfield>
        </datafield>
        <datafield tag="260" ind1=" " ind2=" ">
            <subfield code="a">[New York] :</subfield>
            <subfield code="b">UN,</subfield>
            <subfield code="c">[2011]</subfield>
        </datafield>
        <datafield tag="269" ind1=" " ind2=" ">
            <subfield code="a">2011</subfield>
        </datafield>
        <datafield tag="300" ind1=" " ind2=" ">
            <subfield code="a">3 p.</subfield>
        </datafield>
        <datafield tag="495" ind1=" " ind2=" ">
            <subfield code="a">GAOR, 65th sess., Meeting records</subfield>
        </datafield>
        <datafield tag="610" ind1="2" ind2="7">
            <subfield code="0">1233613</subfield>
            <subfield code="2">unbisn</subfield>
            <subfield code="a">UN. General Assembly (66th sess. : 2011-2012). High-Level Plenary Meeting to Commemorate the 10th Anniversary of the Adoption of the Durban Declaration and Programme of Action</subfield>
            <subfield code="g">Work organization</subfield>
        </datafield>
        <datafield tag="650" ind1="1" ind2="7">
            <subfield code="0">1284084</subfield>
            <subfield code="2">unbist</subfield>
            <subfield code="a">PEACEBUILDING</subfield>
        </datafield>
        <datafield tag="650" ind1="1" ind2="7">
            <subfield code="0">1284536</subfield>
            <subfield code="2">unbist</subfield>
            <subfield code="a">POST-CONFLICT RECONSTRUCTION</subfield>
        </datafield>
        <datafield tag="651" ind1="1" ind2="7">
            <subfield code="0">1282072</subfield>
            <subfield code="2">unbist</subfield>
            <subfield code="a">AFRICA</subfield>
        </datafield>
        <datafield tag="793" ind1=" " ind2=" ">
            <subfield code="a">PL</subfield>
        </datafield>
        <datafield tag="856" ind1="4" ind2=" ">
            <subfield code="s">109459</subfield>
            <subfield code="u">http://digitallibrary.un.org/record/710736/files/A_65_PV.96-AR.pdf</subfield>
            <subfield code="y">العربية</subfield>
        </datafield>
        <datafield tag="856" ind1="4" ind2=" ">
            <subfield code="s">205952</subfield>
            <subfield code="u">http://digitallibrary.un.org/record/710736/files/A_65_PV.96-ZH.pdf</subfield>
            <subfield code="y">中文</subfield>
        </datafield>
        <datafield tag="856" ind1="4" ind2=" ">
            <subfield code="s">39752</subfield>
            <subfield code="u">http://digitallibrary.un.org/record/710736/files/A_65_PV.96-EN.pdf</subfield>
            <subfield code="y">English</subfield>
        </datafield>
        <datafield tag="856" ind1="4" ind2=" ">
            <subfield code="s">48405</subfield>
            <subfield code="u">http://digitallibrary.un.org/record/710736/files/A_65_PV.96-FR.pdf</subfield>
            <subfield code="y">Français</subfield>
        </datafield>
        <datafield tag="856" ind1="4" ind2=" ">
            <subfield code="s">190105</subfield>
            <subfield code="u">http://digitallibrary.un.org/record/710736/files/A_65_PV.96-RU.pdf</subfield>
            <subfield code="y">Русский</subfield>
        </datafield>
        <datafield tag="856" ind1="4" ind2=" ">
            <subfield code="s">124808</subfield>
            <subfield code="u">http://digitallibrary.un.org/record/710736/files/A_65_PV.96-ES.pdf</subfield>
            <subfield code="y">Español</subfield>
        </datafield>
        <datafield tag="930" ind1=" " ind2=" ">
            <subfield code="a">UNDSE11</subfield>
        </datafield>
        <datafield tag="949" ind1=" " ind2=" ">
            <subfield code="9">A(01)/R3</subfield>
            <subfield code="b">1802307.4.1</subfield>
            <subfield code="c">c. 1</subfield>
            <subfield code="d">20110915200000</subfield>
            <subfield code="i">1802307</subfield>
            <subfield code="k">unrs</subfield>
            <subfield code="l">DHL</subfield>
            <subfield code="m">14day</subfield>
            <subfield code="z">t</subfield>
        </datafield>
        <datafield tag="949" ind1=" " ind2=" ">
            <subfield code="9">A(01)/R3</subfield>
            <subfield code="b">1802306.3.1</subfield>
            <subfield code="c">c. 1</subfield>
            <subfield code="d">20110915200000</subfield>
            <subfield code="i">1802306</subfield>
            <subfield code="k">unfs</subfield>
            <subfield code="l">DHL</subfield>
            <subfield code="m">14day</subfield>
            <subfield code="z">t</subfield>
        </datafield>
        <datafield tag="949" ind1=" " ind2=" ">
            <subfield code="9">A(01)/R3</subfield>
            <subfield code="b">10000000955226</subfield>
            <subfield code="c">c. 1</subfield>
            <subfield code="d">20110915200000</subfield>
            <subfield code="i">1802303</subfield>
            <subfield code="k">unes</subfield>
            <subfield code="l">DHL</subfield>
            <subfield code="m">14day</subfield>
            <subfield code="z">t</subfield>
        </datafield>
        <datafield tag="949" ind1=" " ind2=" ">
            <subfield code="9">A(01)/R3</subfield>
            <subfield code="b">1802304.1.1</subfield>
            <subfield code="c">c. 1</subfield>
            <subfield code="d">20110915200000</subfield>
            <subfield code="i">1802304</subfield>
            <subfield code="k">unas</subfield>
            <subfield code="l">DHL</subfield>
            <subfield code="m">14day</subfield>
            <subfield code="z">t</subfield>
        </datafield>
        <datafield tag="949" ind1=" " ind2=" ">
            <subfield code="9">A(01)/R3</subfield>
            <subfield code="b">1802308.5.1</subfield>
            <subfield code="c">c. 1</subfield>
            <subfield code="d">20110915200000</subfield>
            <subfield code="i">1802308</subfield>
            <subfield code="k">unss</subfield>
            <subfield code="l">DHL</subfield>
            <subfield code="m">14day</subfield>
            <subfield code="z">t</subfield>
        </datafield>
        <datafield tag="949" ind1=" " ind2=" ">
            <subfield code="9">A(01)/R3</subfield>
            <subfield code="b">1802305.2.1</subfield>
            <subfield code="c">c. 1</subfield>
            <subfield code="d">20110915200000</subfield>
            <subfield code="i">1802305</subfield>
            <subfield code="k">uncs</subfield>
            <subfield code="l">DHL</subfield>
            <subfield code="m">14day</subfield>
            <subfield code="z">t</subfield>
        </datafield>
        <datafield tag="980" ind1=" " ind2=" ">
            <subfield code="a">BIB</subfield>
        </datafield>
        <datafield tag="989" ind1=" " ind2=" ">
            <subfield code="a">Documents and Publications</subfield>
            <subfield code="b">Meeting Records</subfield>
            <subfield code="c">Verbatim Records</subfield>
        </datafield>
        <datafield tag="991" ind1="1" ind2=" ">
            <subfield code="0">1221453</subfield>
            <subfield code="a">A/65/251</subfield>
            <subfield code="b">62b</subfield>
            <subfield code="c">Causes of conflict and the promotion of durable peace and sustainable development in Africa.</subfield>
            <subfield code="d">AFRICA--DEVELOPMENT</subfield>
            <subfield code="e">At the 96th meeting, draft resolution A/65/L.62/Rev.1 was adopted without vote: resolution 65/278</subfield>
            <subfield code="z">I</subfield>
        </datafield>
        <datafield tag="991" ind1="1" ind2=" ">
            <subfield code="0">1221282</subfield>
            <subfield code="a">A/65/251</subfield>
            <subfield code="b">7</subfield>
            <subfield code="c">Organization of work, adoption of the agenda and allocation of items : reports of the General Committee.</subfield>
            <subfield code="d">UN. GENERAL ASSEMBLY (65TH SESS. : 2010-2011)--AGENDA</subfield>
            <subfield code="e">At the 96th meeting, the Assembly decided to consider sub-item (b) of agenda item 66 directly in plenary meeting: decision 65/503 B</subfield>
            <subfield code="z">I</subfield>
        </datafield>
        <datafield tag="991" ind1="1" ind2=" ">
            <subfield code="0">1221495</subfield>
            <subfield code="a">A/65/251</subfield>
            <subfield code="b">66b</subfield>
            <subfield code="c">Comprehensive implementation of and follow-up to the Durban Declaration and Programme of Action.</subfield>
            <subfield code="d">RACIAL DISCRIMINATION--PROGRAMME IMPLEMENTATION</subfield>
            <subfield code="e">At the 96th meeting, draft resolution A/65/L.76 was adopted without vote: resolution 65/279</subfield>
            <subfield code="z">I</subfield>
        </datafield>
        <datafield tag="992" ind1=" " ind2=" ">
            <subfield code="a">20110613</subfield>
        </datafield>
        <datafield tag="998" ind1=" " ind2=" ">
            <subfield code="a">20110916054600</subfield>
            <subfield code="b">mlcat</subfield>
            <subfield code="c">20111230040300</subfield>
            <subfield code="d">amcat</subfield>
        </datafield>
        <datafield tag="999" ind1=" " ind2=" ">
            <subfield code="a">slr20110919</subfield>
            <subfield code="b">20110919</subfield>
            <subfield code="c">r</subfield>
        </datafield>
        <datafield tag="999" ind1=" " ind2=" ">
            <subfield code="a">kakc20110916</subfield>
            <subfield code="b">20110916</subfield>
            <subfield code="c">c</subfield>
        </datafield>
        <datafield tag="999" ind1=" " ind2=" ">
            <subfield code="a">mleq20110916</subfield>
            <subfield code="b">20110916</subfield>
            <subfield code="c">q</subfield>
        </datafield>
        <datafield tag="999" ind1=" " ind2=" ">
            <subfield code="a">vwt20110921</subfield>
            <subfield code="b">20110921</subfield>
            <subfield code="c">t</subfield>
        </datafield>
        <datafield tag="999" ind1=" " ind2=" ">
            <subfield code="a">vwu20111129</subfield>
            <subfield code="b">20111129</subfield>
            <subfield code="c">u</subfield>
        </datafield>
        <datafield tag="999" ind1=" " ind2=" ">
            <subfield code="a">vwu20111130</subfield>
            <subfield code="b">20111130</subfield>
            <subfield code="c">u</subfield>
        </datafield>
    </record>