

    
    <record>
        <controlfield tag="001">699419</controlfield>
        <controlfield tag="000">00000nam\\2200025#a\4500</controlfield>
        <controlfield tag="005">20170412204144.0</controlfield>
        <controlfield tag="008">110315s2011\\\\usa\\\\#r\\\\\|||1|\eng\d</controlfield>
        <datafield tag="029" ind1=" " ind2=" ">
            <subfield code="a">JN</subfield>
            <subfield code="b">N1061038 E</subfield>
        </datafield>
        <datafield tag="035" ind1=" " ind2=" ">
            <subfield code="a">D0379264</subfield>
        </datafield>
        <datafield tag="035" ind1=" " ind2=" ">
            <subfield code="a">(DHL)942359</subfield>
        </datafield>
        <datafield tag="039" ind1=" " ind2=" ">
            <subfield code="a">DHU</subfield>
        </datafield>
        <datafield tag="040" ind1=" " ind2=" ">
            <subfield code="a">NNUN</subfield>
            <subfield code="b">eng</subfield>
        </datafield>
        <datafield tag="041" ind1=" " ind2=" ">
            <subfield code="a">arachiengfrerusspa</subfield>
        </datafield>
        <datafield tag="049" ind1=" " ind2=" ">
            <subfield code="a">usa</subfield>
        </datafield>
        <datafield tag="089" ind1=" " ind2=" ">
            <subfield code="b">B03</subfield>
        </datafield>
        <datafield tag="089" ind1=" " ind2=" ">
            <subfield code="b">B07</subfield>
        </datafield>
        <datafield tag="091" ind1=" " ind2=" ">
            <subfield code="a">GEN</subfield>
        </datafield>
        <datafield tag="099" ind1=" " ind2=" ">
            <subfield code="a">UNH</subfield>
            <subfield code="b">DHU</subfield>
            <subfield code="c">A(01)/R3</subfield>
            <subfield code="q">A01R3</subfield>
        </datafield>
        <datafield tag="191" ind1=" " ind2=" ">
            <subfield code="0">1221254</subfield>
            <subfield code="9">G11</subfield>
            <subfield code="a">A/C.1/65/PV.22</subfield>
            <subfield code="b">A/</subfield>
            <subfield code="c">65</subfield>
            <subfield code="q">AC165PV22</subfield>
            <subfield code="r">A65</subfield>
        </datafield>
        <datafield tag="245" ind1="1" ind2="0">
            <subfield code="a">General Assembly official records, 65th session :</subfield>
            <subfield code="b">1st Committee, 22nd meeting, Friday, 29 October 2010, New York</subfield>
        </datafield>
        <datafield tag="260" ind1=" " ind2=" ">
            <subfield code="a">[New York] :</subfield>
            <subfield code="b">UN,</subfield>
            <subfield code="c">[2011]</subfield>
        </datafield>
        <datafield tag="269" ind1=" " ind2=" ">
            <subfield code="a">2011</subfield>
        </datafield>
        <datafield tag="300" ind1=" " ind2=" ">
            <subfield code="a">24 p.</subfield>
        </datafield>
        <datafield tag="495" ind1=" " ind2=" ">
            <subfield code="a">GAOR, 65th sess., 1st Committee</subfield>
        </datafield>
        <datafield tag="650" ind1="1" ind2="7">
            <subfield code="0">1277989</subfield>
            <subfield code="2">unbist</subfield>
            <subfield code="a">DISARMAMENT</subfield>
        </datafield>
        <datafield tag="650" ind1="1" ind2="7">
            <subfield code="0">1284869</subfield>
            <subfield code="2">unbist</subfield>
            <subfield code="a">FOLLOW-UP PROCEDURES</subfield>
        </datafield>
        <datafield tag="650" ind1="1" ind2="7">
            <subfield code="0">1282949</subfield>
            <subfield code="2">unbist</subfield>
            <subfield code="a">DISARMAMENT NEGOTIATIONS</subfield>
        </datafield>
        <datafield tag="650" ind1="1" ind2="7">
            <subfield code="0">1282950</subfield>
            <subfield code="2">unbist</subfield>
            <subfield code="a">DISARMAMENT RESEARCH</subfield>
        </datafield>
        <datafield tag="650" ind1="1" ind2="7">
            <subfield code="0">1283033</subfield>
            <subfield code="2">unbist</subfield>
            <subfield code="a">REGIONAL DISARMAMENT</subfield>
        </datafield>
        <datafield tag="650" ind1="2" ind2="7">
            <subfield code="0">1283779</subfield>
            <subfield code="2">unbist</subfield>
            <subfield code="a">DISARMAMENT EDUCATION</subfield>
        </datafield>
        <datafield tag="650" ind1="2" ind2="7">
            <subfield code="0">1282694</subfield>
            <subfield code="2">unbist</subfield>
            <subfield code="a">CONFIDENCE-BUILDING MEASURES</subfield>
        </datafield>
        <datafield tag="650" ind1="2" ind2="7">
            <subfield code="0">1278036</subfield>
            <subfield code="2">unbist</subfield>
            <subfield code="a">NUCLEAR-WEAPON-FREE ZONES</subfield>
        </datafield>
        <datafield tag="650" ind1="2" ind2="7">
            <subfield code="0">1278044</subfield>
            <subfield code="2">unbist</subfield>
            <subfield code="a">STRATEGIC NUCLEAR WEAPONS SYSTEMS</subfield>
        </datafield>
        <datafield tag="650" ind1="2" ind2="7">
            <subfield code="0">1277978</subfield>
            <subfield code="2">unbist</subfield>
            <subfield code="a">BALLISTIC MISSILES</subfield>
        </datafield>
        <datafield tag="793" ind1=" " ind2=" ">
            <subfield code="a">01</subfield>
        </datafield>
        <datafield tag="856" ind1="4" ind2=" ">
            <subfield code="s">381775</subfield>
            <subfield code="u">http://digitallibrary.un.org/record/699419/files/A_C.1_65_PV.22-AR.pdf</subfield>
            <subfield code="y">العربية</subfield>
        </datafield>
        <datafield tag="856" ind1="4" ind2=" ">
            <subfield code="s">367717</subfield>
            <subfield code="u">http://digitallibrary.un.org/record/699419/files/A_C.1_65_PV.22-ZH.pdf</subfield>
            <subfield code="y">中文</subfield>
        </datafield>
        <datafield tag="856" ind1="4" ind2=" ">
            <subfield code="s">192890</subfield>
            <subfield code="u">http://digitallibrary.un.org/record/699419/files/A_C.1_65_PV.22-EN.pdf</subfield>
            <subfield code="y">English</subfield>
        </datafield>
        <datafield tag="856" ind1="4" ind2=" ">
            <subfield code="s">249281</subfield>
            <subfield code="u">http://digitallibrary.un.org/record/699419/files/A_C.1_65_PV.22-FR.pdf</subfield>
            <subfield code="y">Français</subfield>
        </datafield>
        <datafield tag="856" ind1="4" ind2=" ">
            <subfield code="s">540504</subfield>
            <subfield code="u">http://digitallibrary.un.org/record/699419/files/A_C.1_65_PV.22-RU.pdf</subfield>
            <subfield code="y">Русский</subfield>
        </datafield>
        <datafield tag="856" ind1="4" ind2=" ">
            <subfield code="s">264451</subfield>
            <subfield code="u">http://digitallibrary.un.org/record/699419/files/A_C.1_65_PV.22-ES.pdf</subfield>
            <subfield code="y">Español</subfield>
        </datafield>
        <datafield tag="930" ind1=" " ind2=" ">
            <subfield code="a">UNDMA11</subfield>
        </datafield>
        <datafield tag="949" ind1=" " ind2=" ">
            <subfield code="9">A(01)/R3</subfield>
            <subfield code="b">1770104.4.1</subfield>
            <subfield code="c">c. 1</subfield>
            <subfield code="d">20110314200000</subfield>
            <subfield code="i">1770104</subfield>
            <subfield code="k">unrs</subfield>
            <subfield code="l">DHL</subfield>
            <subfield code="m">14day</subfield>
            <subfield code="z">t</subfield>
        </datafield>
        <datafield tag="949" ind1=" " ind2=" ">
            <subfield code="9">A(01)/R3</subfield>
            <subfield code="b">1770103.3.1</subfield>
            <subfield code="c">c. 1</subfield>
            <subfield code="d">20110314200000</subfield>
            <subfield code="i">1770103</subfield>
            <subfield code="k">unfs</subfield>
            <subfield code="l">DHL</subfield>
            <subfield code="m">14day</subfield>
            <subfield code="z">t</subfield>
        </datafield>
        <datafield tag="949" ind1=" " ind2=" ">
            <subfield code="9">A(01)/R3</subfield>
            <subfield code="b">1770101.1.1</subfield>
            <subfield code="c">c. 1</subfield>
            <subfield code="d">20110314200000</subfield>
            <subfield code="i">1770101</subfield>
            <subfield code="k">unas</subfield>
            <subfield code="l">DHL</subfield>
            <subfield code="m">14day</subfield>
            <subfield code="z">t</subfield>
        </datafield>
        <datafield tag="949" ind1=" " ind2=" ">
            <subfield code="9">A(01)/R3</subfield>
            <subfield code="b">10000000942359</subfield>
            <subfield code="c">c. 1</subfield>
            <subfield code="d">20110314200000</subfield>
            <subfield code="i">1770100</subfield>
            <subfield code="k">unes</subfield>
            <subfield code="l">DHL</subfield>
            <subfield code="m">14day</subfield>
            <subfield code="z">t</subfield>
        </datafield>
        <datafield tag="949" ind1=" " ind2=" ">
            <subfield code="9">A(01)/R3</subfield>
            <subfield code="b">1770105.5.1</subfield>
            <subfield code="c">c. 1</subfield>
            <subfield code="d">20110314200000</subfield>
            <subfield code="i">1770105</subfield>
            <subfield code="k">unss</subfield>
            <subfield code="l">DHL</subfield>
            <subfield code="m">14day</subfield>
            <subfield code="z">t</subfield>
        </datafield>
        <datafield tag="949" ind1=" " ind2=" ">
            <subfield code="9">A(01)/R3</subfield>
            <subfield code="b">1770102.2.1</subfield>
            <subfield code="c">c. 1</subfield>
            <subfield code="d">20110314200000</subfield>
            <subfield code="i">1770102</subfield>
            <subfield code="k">uncs</subfield>
            <subfield code="l">DHL</subfield>
            <subfield code="m">14day</subfield>
            <subfield code="z">t</subfield>
        </datafield>
        <datafield tag="980" ind1=" " ind2=" ">
            <subfield code="a">BIB</subfield>
        </datafield>
        <datafield tag="989" ind1=" " ind2=" ">
            <subfield code="a">Documents and Publications</subfield>
            <subfield code="b">Meeting Records</subfield>
            <subfield code="c">Verbatim Records</subfield>
        </datafield>
        <datafield tag="991" ind1="1" ind2=" ">
            <subfield code="0">1221877</subfield>
            <subfield code="a">A/65/251</subfield>
            <subfield code="b">88</subfield>
            <subfield code="c">Reduction of military budgets.</subfield>
            <subfield code="d">MILITARY BUDGETS</subfield>
            <subfield code="z">I</subfield>
        </datafield>
        <datafield tag="991" ind1="1" ind2=" ">
            <subfield code="0">1221879</subfield>
            <subfield code="a">A/65/251</subfield>
            <subfield code="b">89</subfield>
            <subfield code="c">African Nuclear-Weapon-Free Zone Treaty.</subfield>
            <subfield code="d">NUCLEAR-WEAPON-FREE ZONE--AFRICA</subfield>
            <subfield code="z">I</subfield>
        </datafield>
        <datafield tag="991" ind1="1" ind2=" ">
            <subfield code="0">1221890</subfield>
            <subfield code="a">A/65/251</subfield>
            <subfield code="b">90</subfield>
            <subfield code="c">Consolidation of the regime established by the Treaty for the Prohibition of Nuclear Weapons in Latin America and the Caribbean (Treaty of Tlatelolco).</subfield>
            <subfield code="d">NUCLEAR-WEAPON-FREE ZONE--LATIN AMERICA AND THE CARIBBEAN</subfield>
            <subfield code="z">I</subfield>
        </datafield>
        <datafield tag="991" ind1="1" ind2=" ">
            <subfield code="0">1221891</subfield>
            <subfield code="a">A/65/251</subfield>
            <subfield code="b">91</subfield>
            <subfield code="c">Maintenance of international security - good-neighbourliness, stability and development in South-Eastern Europe.</subfield>
            <subfield code="d">SOUTHEAST EUROPE--REGIONAL SECURITY</subfield>
            <subfield code="z">I</subfield>
        </datafield>
        <datafield tag="991" ind1="1" ind2=" ">
            <subfield code="0">1221882</subfield>
            <subfield code="a">A/65/251</subfield>
            <subfield code="b">92</subfield>
            <subfield code="c">Developments in the field of information and telecommunications in the context of international security.</subfield>
            <subfield code="d">INFORMATION--INTERNATIONAL SECURITY</subfield>
            <subfield code="z">I</subfield>
        </datafield>
        <datafield tag="991" ind1="1" ind2=" ">
            <subfield code="0">1221880</subfield>
            <subfield code="a">A/65/251</subfield>
            <subfield code="b">93</subfield>
            <subfield code="c">Establishment of a nuclear-weapon-free zone in the region of the Middle East.</subfield>
            <subfield code="d">NUCLEAR-WEAPON-FREE ZONE--MIDDLE EAST</subfield>
            <subfield code="z">I</subfield>
        </datafield>
        <datafield tag="991" ind1="1" ind2=" ">
            <subfield code="0">1221883</subfield>
            <subfield code="a">A/65/251</subfield>
            <subfield code="b">94</subfield>
            <subfield code="c">Conclusion of effective international arrangements to assure non-nuclear-weapon States against the use or threat of use of nuclear weapons.</subfield>
            <subfield code="d">NON-NUCLEAR-WEAPON STATES--SECURITY</subfield>
            <subfield code="z">I</subfield>
        </datafield>
        <datafield tag="991" ind1="1" ind2=" ">
            <subfield code="0">1221884</subfield>
            <subfield code="a">A/65/251</subfield>
            <subfield code="b">95</subfield>
            <subfield code="c">Prevention of an arms race in outer space.</subfield>
            <subfield code="d">ARMS RACE--OUTER SPACE</subfield>
            <subfield code="z">I</subfield>
        </datafield>
        <datafield tag="991" ind1="1" ind2=" ">
            <subfield code="0">1221885</subfield>
            <subfield code="a">A/65/251</subfield>
            <subfield code="b">96</subfield>
            <subfield code="c">Role of science and technology in the context of international security and disarmament.</subfield>
            <subfield code="d">SCIENCE AND TECHNOLOGY--INTERNATIONAL SECURITY</subfield>
            <subfield code="z">I</subfield>
        </datafield>
        <datafield tag="991" ind1="1" ind2=" ">
            <subfield code="0">1221886</subfield>
            <subfield code="a">A/65/251</subfield>
            <subfield code="b">97</subfield>
            <subfield code="c">General and complete disarmament.</subfield>
            <subfield code="d">DISARMAMENT--GENERAL AND COMPLETE</subfield>
            <subfield code="z">I</subfield>
        </datafield>
        <datafield tag="991" ind1="1" ind2=" ">
            <subfield code="0">1221940</subfield>
            <subfield code="a">A/65/251</subfield>
            <subfield code="b">97cc</subfield>
            <subfield code="c">Follow-up to the advisory opinion of the International Court of Justice on the Legality of the Threat or Use of Nuclear Weapons.</subfield>
            <subfield code="d">NUCLEAR WEAPONS USE--ICJ OPINION</subfield>
            <subfield code="z">I</subfield>
        </datafield>
        <datafield tag="991" ind1="1" ind2=" ">
            <subfield code="0">1221942</subfield>
            <subfield code="a">A/65/251</subfield>
            <subfield code="b">97ee</subfield>
            <subfield code="c">Convening of the 4th special session of the General Assembly devoted to disarmament.</subfield>
            <subfield code="d">DISARMAMENT--UN. GENERAL ASSEMBLY (4TH SPECIAL SESS. ON DISARMAMENT : ####)</subfield>
            <subfield code="z">I</subfield>
        </datafield>
        <datafield tag="991" ind1="1" ind2=" ">
            <subfield code="0">1221943</subfield>
            <subfield code="a">A/65/251</subfield>
            <subfield code="b">97ff</subfield>
            <subfield code="c">Preventing the acquisition by terrorists of radioactive materials and sources.</subfield>
            <subfield code="d">TERRORISM--RADIOACTIVE MATERIALS</subfield>
            <subfield code="z">I</subfield>
        </datafield>
        <datafield tag="991" ind1="1" ind2=" ">
            <subfield code="0">1227146</subfield>
            <subfield code="a">A/65/251</subfield>
            <subfield code="b">98</subfield>
            <subfield code="c">Review and implementation of the concluding document of the 12th special session of the General Assembly.</subfield>
            <subfield code="d">DISARMAMENT--UN. GENERAL ASSEMBLY (12TH SPECIAL SESS. : 1982)--FOLLOW-UP</subfield>
            <subfield code="z">I</subfield>
        </datafield>
        <datafield tag="991" ind1="1" ind2=" ">
            <subfield code="0">1221945</subfield>
            <subfield code="a">A/65/251</subfield>
            <subfield code="b">98a</subfield>
            <subfield code="c">United Nations disarmament fellowship, training and advisory services.</subfield>
            <subfield code="d">DISARMAMENT--TRAINING PROGRAMMES</subfield>
            <subfield code="z">I</subfield>
        </datafield>
        <datafield tag="991" ind1="1" ind2=" ">
            <subfield code="0">1221947</subfield>
            <subfield code="a">A/65/251</subfield>
            <subfield code="b">98c</subfield>
            <subfield code="c">United Nations regional centres for peace and disarmament.</subfield>
            <subfield code="d">PEACE--REGIONAL CENTRES</subfield>
            <subfield code="z">I</subfield>
        </datafield>
        <datafield tag="991" ind1="1" ind2=" ">
            <subfield code="0">1221949</subfield>
            <subfield code="a">A/65/251</subfield>
            <subfield code="b">98e</subfield>
            <subfield code="c">United Nations Regional Centre for Peace, Disarmament and Development in Latin America and the Caribbean.</subfield>
            <subfield code="d">PEACE--REGIONAL CENTRE--LATIN AMERICA AND THE CARIBBEAN</subfield>
            <subfield code="z">I</subfield>
        </datafield>
        <datafield tag="991" ind1="1" ind2=" ">
            <subfield code="0">1221950</subfield>
            <subfield code="a">A/65/251</subfield>
            <subfield code="b">98f</subfield>
            <subfield code="c">Regional confidence-building measures : activities of the United Nations Standing Advisory Committee on Security Questions in Central Africa.</subfield>
            <subfield code="d">CONFIDENCE-BUILDING MEASURES--REGIONAL PROGRAMMES--CENTRAL AFRICA</subfield>
            <subfield code="z">I</subfield>
        </datafield>
        <datafield tag="991" ind1="1" ind2=" ">
            <subfield code="0">1221951</subfield>
            <subfield code="a">A/65/251</subfield>
            <subfield code="b">98g</subfield>
            <subfield code="c">United Nations Regional Centre for Peace and Disarmament in Asia and the Pacific.</subfield>
            <subfield code="d">PEACE--REGIONAL CENTRE--ASIA AND THE PACIFIC</subfield>
            <subfield code="z">I</subfield>
        </datafield>
        <datafield tag="991" ind1="1" ind2=" ">
            <subfield code="0">1221953</subfield>
            <subfield code="a">A/65/251</subfield>
            <subfield code="b">99</subfield>
            <subfield code="c">Review of the implementation of the recommendations and decisions adopted by the General Assembly at its 10th special session.</subfield>
            <subfield code="d">DISARMAMENT--UN. GENERAL ASSEMBLY (10TH SPECIAL SESS. : 1978)--FOLLOW-UP</subfield>
            <subfield code="z">I</subfield>
        </datafield>
        <datafield tag="991" ind1="1" ind2=" ">
            <subfield code="0">1221954</subfield>
            <subfield code="a">A/65/251</subfield>
            <subfield code="b">99a</subfield>
            <subfield code="c">Report of the Conference on Disarmament.</subfield>
            <subfield code="d">UN. CONFERENCE ON DISARMAMENT--REPORTS (2010)</subfield>
            <subfield code="z">I</subfield>
        </datafield>
        <datafield tag="991" ind1="1" ind2=" ">
            <subfield code="0">1221955</subfield>
            <subfield code="a">A/65/251</subfield>
            <subfield code="b">99b</subfield>
            <subfield code="c">Report of the Disarmament Commission.</subfield>
            <subfield code="d">UN. DISARMAMENT COMMISSION--REPORTS (2010)</subfield>
            <subfield code="z">I</subfield>
        </datafield>
        <datafield tag="991" ind1="1" ind2=" ">
            <subfield code="0">1221957</subfield>
            <subfield code="a">A/65/251</subfield>
            <subfield code="b">100</subfield>
            <subfield code="c">The risk of nuclear proliferation in the Middle East.</subfield>
            <subfield code="d">NUCLEAR PROLIFERATION--MIDDLE EAST</subfield>
            <subfield code="z">I</subfield>
        </datafield>
        <datafield tag="991" ind1="1" ind2=" ">
            <subfield code="0">1221958</subfield>
            <subfield code="a">A/65/251</subfield>
            <subfield code="b">101</subfield>
            <subfield code="c">Convention on Prohibitions or Restrictions on the Use of Certain Conventional Weapons Which May Be Deemed to Be Excessively Injurious or to Have Indiscriminate Effects.</subfield>
            <subfield code="d">CONVENTIONAL WEAPONS--TREATY (1980)</subfield>
            <subfield code="z">I</subfield>
        </datafield>
        <datafield tag="991" ind1="1" ind2=" ">
            <subfield code="0">1221959</subfield>
            <subfield code="a">A/65/251</subfield>
            <subfield code="b">102</subfield>
            <subfield code="c">Strengthening of security and cooperation in the Mediterranean region.</subfield>
            <subfield code="d">MEDITERRANEAN REGION--REGIONAL SECURITY</subfield>
            <subfield code="z">I</subfield>
        </datafield>
        <datafield tag="991" ind1="1" ind2=" ">
            <subfield code="0">1221960</subfield>
            <subfield code="a">A/65/251</subfield>
            <subfield code="b">103</subfield>
            <subfield code="c">Comprehensive Nuclear-Test-Ban Treaty.</subfield>
            <subfield code="d">NUCLEAR WEAPON TESTS--TREATY</subfield>
            <subfield code="z">I</subfield>
        </datafield>
        <datafield tag="991" ind1="1" ind2=" ">
            <subfield code="0">1221961</subfield>
            <subfield code="a">A/65/251</subfield>
            <subfield code="b">104</subfield>
            <subfield code="c">Convention on the Prohibition of the Development, Production and Stockpiling of Bacteriological (Biological) and Toxin Weapons and on Their Destruction.</subfield>
            <subfield code="d">BIOLOGICAL WEAPONS--TREATY (1972)</subfield>
            <subfield code="z">I</subfield>
        </datafield>
        <datafield tag="991" ind1="1" ind2=" ">
            <subfield code="0">1227624</subfield>
            <subfield code="a">A/65/251</subfield>
            <subfield code="b">162</subfield>
            <subfield code="c">Follow-up to the high-level meeting held on 24 September 2010 : revitalizing the work of the Conference on Disarmament and taking forward multilateral disarmament negotiations.</subfield>
            <subfield code="d">UN. CONFERENCE ON DISARMAMENT</subfield>
            <subfield code="z">I</subfield>
        </datafield>
        <datafield tag="992" ind1=" " ind2=" ">
            <subfield code="a">20101029</subfield>
        </datafield>
        <datafield tag="998" ind1=" " ind2=" ">
            <subfield code="a">20110315052800</subfield>
            <subfield code="b">pnser</subfield>
            <subfield code="c">20151210040300</subfield>
            <subfield code="d">mhref</subfield>
        </datafield>
        <datafield tag="999" ind1=" " ind2=" ">
            <subfield code="a">pgr20110317</subfield>
            <subfield code="b">20110317</subfield>
            <subfield code="c">r</subfield>
        </datafield>
        <datafield tag="999" ind1=" " ind2=" ">
            <subfield code="a">pnq20110315</subfield>
            <subfield code="b">20110315</subfield>
            <subfield code="c">q</subfield>
        </datafield>
        <datafield tag="999" ind1=" " ind2=" ">
            <subfield code="a">mhc20110316</subfield>
            <subfield code="b">20110316</subfield>
            <subfield code="c">c</subfield>
        </datafield>
        <datafield tag="999" ind1=" " ind2=" ">
            <subfield code="a">vwt20110329</subfield>
            <subfield code="b">20110329</subfield>
            <subfield code="c">t</subfield>
        </datafield>
    </record>