

    
<record>
  <controlfield tag="000">00000nam  2200025#a 450</controlfield>
  <controlfield tag="001">1315310</controlfield>
  <controlfield tag="005">20171109004515.0</controlfield>
  <controlfield tag="008">170725s2011    eth    #r     |||1| eng d</controlfield>
  <datafield tag="035" ind1=" " ind2=" ">
    <subfield code="a">(DHL)1138291</subfield>
  </datafield>
  <datafield tag="039" ind1=" " ind2=" ">
    <subfield code="a">DHU</subfield>
  </datafield>
  <datafield tag="040" ind1=" " ind2=" ">
    <subfield code="a">NNUN</subfield>
    <subfield code="b">eng</subfield>
  </datafield>
  <datafield tag="041" ind1="0" ind2=" ">
    <subfield code="a">engfre</subfield>
  </datafield>
  <datafield tag="049" ind1=" " ind2=" ">
    <subfield code="a">eth</subfield>
  </datafield>
  <datafield tag="089" ind1=" " ind2=" ">
    <subfield code="b">B04</subfield>
  </datafield>
  <datafield tag="089" ind1=" " ind2=" ">
    <subfield code="b">B01</subfield>
  </datafield>
  <datafield tag="091" ind1=" " ind2=" ">
    <subfield code="a">GEN</subfield>
  </datafield>
  <datafield tag="099" ind1=" " ind2=" ">
    <subfield code="a">UNG</subfield>
    <subfield code="b">GUN</subfield>
  </datafield>
  <datafield tag="191" ind1=" " ind2=" ">
    <subfield code="a">E/2011/38</subfield>
    <subfield code="b">E/</subfield>
    <subfield code="c">2011-S</subfield>
    <subfield code="9">C00</subfield>
    <subfield code="q">E201138</subfield>
    <subfield code="r">E2011S</subfield>
    <subfield code="0">(DHLAUTH)792541</subfield>
  </datafield>
  <datafield tag="191" ind1=" " ind2=" ">
    <subfield code="a">E/ECA/CM/44/5</subfield>
    <subfield code="b">E/ECA/</subfield>
    <subfield code="q">EECACM445</subfield>
    <subfield code="r">EECA</subfield>
    <subfield code="0">(DHLAUTH)346593</subfield>
  </datafield>
  <datafield tag="245" ind1="1" ind2="0">
    <subfield code="a">Economic Commission for Africa :</subfield>
    <subfield code="b">annual report, 2011</subfield>
  </datafield>
  <datafield tag="260" ind1=" " ind2=" ">
    <subfield code="a">[Addis Ababa] :</subfield>
    <subfield code="b">UN,</subfield>
    <subfield code="c">2011</subfield>
  </datafield>
  <datafield tag="269" ind1=" " ind2=" ">
    <subfield code="a">2011</subfield>
  </datafield>
  <datafield tag="300" ind1=" " ind2=" ">
    <subfield code="a">iii, 86 p.</subfield>
  </datafield>
  <datafield tag="495" ind1=" " ind2=" ">
    <subfield code="a">ESCOR, 2011, Suppl. no. 18</subfield>
  </datafield>
  <datafield tag="500" ind1=" " ind2=" ">
    <subfield code="a">Annexes (p. 53-86): 1. Resolutions and ministerial statement adopted by the Commission at its 44th session -- 2. Report of the 30th Meeting of the Committee of Experts of the ECA Conference of African Ministers of Finance, Planning and Economic Development.</subfield>
  </datafield>
  <datafield tag="610" ind1="2" ind2="7">
    <subfield code="2">unbisn</subfield>
    <subfield code="a">UN. ECA (44th sess. : 2011 : Addis Ababa)</subfield>
    <subfield code="0">(DHLAUTH)886653</subfield>
  </datafield>
  <datafield tag="611" ind1="2" ind2="7">
    <subfield code="2">unbisn</subfield>
    <subfield code="a">Conference of African Ministers of Finance, Planning and Economic Development</subfield>
    <subfield code="0">(DHLAUTH)646024</subfield>
  </datafield>
  <datafield tag="611" ind1="2" ind2="4">
    <subfield code="2">unbisn</subfield>
    <subfield code="a">Conference of African Ministers of Finance, Planning and Economic Development. Committee of Experts</subfield>
    <subfield code="0">(DHLAUTH)671318</subfield>
  </datafield>
  <datafield tag="650" ind1="1" ind2="7">
    <subfield code="a">ECONOMIC DEVELOPMENT</subfield>
    <subfield code="2">unbist</subfield>
    <subfield code="0">(DHLAUTH)269755</subfield>
  </datafield>
  <datafield tag="650" ind1="1" ind2="7">
    <subfield code="a">SOCIAL DEVELOPMENT</subfield>
    <subfield code="2">unbist</subfield>
    <subfield code="0">(DHLAUTH)269873</subfield>
  </datafield>
  <datafield tag="650" ind1="1" ind2="7">
    <subfield code="a">DEVELOPMENT STRATEGIES</subfield>
    <subfield code="2">unbist</subfield>
    <subfield code="0">(DHLAUTH)269884</subfield>
  </datafield>
  <datafield tag="650" ind1="1" ind2="7">
    <subfield code="a">REGIONAL COOPERATION</subfield>
    <subfield code="2">unbist</subfield>
    <subfield code="0">(DHLAUTH)268656</subfield>
  </datafield>
  <datafield tag="651" ind1="1" ind2="7">
    <subfield code="a">AFRICA</subfield>
    <subfield code="2">unbist</subfield>
    <subfield code="0">(DHLAUTH)268560</subfield>
  </datafield>
  <datafield tag="710" ind1="2" ind2=" ">
    <subfield code="a">UN. ECA (44th sess. : 2011 : Addis Ababa)</subfield>
    <subfield code="0">(DHLAUTH)886653</subfield>
  </datafield>
  <datafield tag="830" ind1="0" ind2=" ">
    <subfield code="a">Annual Report of the Economic Commission for Africa</subfield>
    <subfield code="0">(DHLAUTH)882291</subfield>
  </datafield>
  <datafield tag="830" ind1="0" ind2=" ">
    <subfield code="a">Economic and Social Council. Official Records. Supplement</subfield>
    <subfield code="0">(DHLAUTH)882024</subfield>
  </datafield>
  <datafield tag="856" ind1="4" ind2=" ">
    <subfield code="s">1101014</subfield>
    <subfield code="u">http://digitallibrary.un.org/record/1315310/files/E_2011_38%26E_ECA_CM_44_5-FR.pdf</subfield>
    <subfield code="y">Français</subfield>
  </datafield>
  <datafield tag="856" ind1="4" ind2=" ">
    <subfield code="s">5211982</subfield>
    <subfield code="u">http://digitallibrary.un.org/record/1315310/files/E_2011_38%26E_ECA_CM_44_5-EN.pdf</subfield>
    <subfield code="y">English</subfield>
  </datafield>
  <datafield tag="930" ind1=" " ind2=" ">
    <subfield code="a">UNDJL17</subfield>
  </datafield>
  <datafield tag="989" ind1=" " ind2=" ">
    <subfield code="a">Documents and Publications</subfield>
    <subfield code="b">Resolutions and Decisions</subfield>
  </datafield>
  <datafield tag="989" ind1=" " ind2=" ">
    <subfield code="a">Documents and Publications</subfield>
    <subfield code="b">Reports</subfield>
    <subfield code="c">Annual and Sessional Reports</subfield>
  </datafield>
  <datafield tag="991" ind1="2" ind2=" ">
    <subfield code="a">E/2011/100</subfield>
    <subfield code="b">10[1]</subfield>
    <subfield code="d">REGIONAL COOPERATION--AFRICA</subfield>
    <subfield code="z">I</subfield>
    <subfield code="0">(DHLAUTH)800777</subfield>
  </datafield>
  <datafield tag="998" ind1=" " ind2=" ">
    <subfield code="a">20170725095200</subfield>
    <subfield code="b">vvcat</subfield>
    <subfield code="c">20170726101000</subfield>
    <subfield code="d">vwcat2</subfield>
    <subfield code="z">20171108180937</subfield>
  </datafield>
  <datafield tag="999" ind1=" " ind2=" ">
    <subfield code="a">vvc20170725</subfield>
    <subfield code="b">20170725</subfield>
    <subfield code="c">c</subfield>
  </datafield>
  <datafield tag="999" ind1=" " ind2=" ">
    <subfield code="a">vvr20170726</subfield>
    <subfield code="b">20170726</subfield>
    <subfield code="c">r</subfield>
  </datafield>
  <datafield tag="999" ind1=" " ind2=" ">
    <subfield code="a">vwt20170726</subfield>
    <subfield code="b">20170726</subfield>
    <subfield code="c">t</subfield>
  </datafield>
</record>