

    
    <record>
        <controlfield tag="001">699418</controlfield>
        <controlfield tag="000">00000nam\\2200025#a\4500</controlfield>
        <controlfield tag="005">20170412204144.0</controlfield>
        <controlfield tag="008">110315s2011\\\\usa\\\\#r\\\\\|||1|\eng\d</controlfield>
        <datafield tag="029" ind1=" " ind2=" ">
            <subfield code="a">JN</subfield>
            <subfield code="b">N1060673 E</subfield>
        </datafield>
        <datafield tag="035" ind1=" " ind2=" ">
            <subfield code="a">D0379263</subfield>
        </datafield>
        <datafield tag="035" ind1=" " ind2=" ">
            <subfield code="a">(DHL)942358</subfield>
        </datafield>
        <datafield tag="039" ind1=" " ind2=" ">
            <subfield code="a">DHU</subfield>
        </datafield>
        <datafield tag="040" ind1=" " ind2=" ">
            <subfield code="a">NNUN</subfield>
            <subfield code="b">eng</subfield>
        </datafield>
        <datafield tag="041" ind1=" " ind2=" ">
            <subfield code="a">arachiengfrerusspa</subfield>
        </datafield>
        <datafield tag="049" ind1=" " ind2=" ">
            <subfield code="a">usa</subfield>
        </datafield>
        <datafield tag="089" ind1=" " ind2=" ">
            <subfield code="b">B03</subfield>
        </datafield>
        <datafield tag="089" ind1=" " ind2=" ">
            <subfield code="b">B07</subfield>
        </datafield>
        <datafield tag="091" ind1=" " ind2=" ">
            <subfield code="a">GEN</subfield>
        </datafield>
        <datafield tag="099" ind1=" " ind2=" ">
            <subfield code="a">UNH</subfield>
            <subfield code="b">DHU</subfield>
            <subfield code="c">A(01)/R3</subfield>
            <subfield code="q">A01R3</subfield>
        </datafield>
        <datafield tag="191" ind1=" " ind2=" ">
            <subfield code="0">1221254</subfield>
            <subfield code="9">G11</subfield>
            <subfield code="a">A/C.1/65/PV.21</subfield>
            <subfield code="b">A/</subfield>
            <subfield code="c">65</subfield>
            <subfield code="q">AC165PV21</subfield>
            <subfield code="r">A65</subfield>
        </datafield>
        <datafield tag="245" ind1="1" ind2="0">
            <subfield code="a">General Assembly official records, 65th session :</subfield>
            <subfield code="b">1st Committee, 21st meeting, Thursday, 28 October 2010, New York</subfield>
        </datafield>
        <datafield tag="260" ind1=" " ind2=" ">
            <subfield code="a">[New York] :</subfield>
            <subfield code="b">UN,</subfield>
            <subfield code="c">[2011]</subfield>
        </datafield>
        <datafield tag="269" ind1=" " ind2=" ">
            <subfield code="a">2011</subfield>
        </datafield>
        <datafield tag="300" ind1=" " ind2=" ">
            <subfield code="a">26 p.</subfield>
        </datafield>
        <datafield tag="495" ind1=" " ind2=" ">
            <subfield code="a">GAOR, 65th sess., 1st Committee</subfield>
        </datafield>
        <datafield tag="650" ind1="1" ind2="7">
            <subfield code="0">1282719</subfield>
            <subfield code="2">unbist</subfield>
            <subfield code="a">LANDMINES</subfield>
        </datafield>
        <datafield tag="650" ind1="1" ind2="7">
            <subfield code="0">1284129</subfield>
            <subfield code="2">unbist</subfield>
            <subfield code="a">MINE CLEARANCE</subfield>
        </datafield>
        <datafield tag="650" ind1="1" ind2="7">
            <subfield code="0">1277985</subfield>
            <subfield code="2">unbist</subfield>
            <subfield code="a">CONVENTIONAL WEAPONS</subfield>
        </datafield>
        <datafield tag="650" ind1="1" ind2="7">
            <subfield code="0">1284405</subfield>
            <subfield code="2">unbist</subfield>
            <subfield code="a">SMALL ARMS</subfield>
        </datafield>
        <datafield tag="650" ind1="1" ind2="7">
            <subfield code="0">1284323</subfield>
            <subfield code="2">unbist</subfield>
            <subfield code="a">ILLICIT ARMS TRAFFICKING</subfield>
        </datafield>
        <datafield tag="650" ind1="2" ind2="7">
            <subfield code="0">1277989</subfield>
            <subfield code="2">unbist</subfield>
            <subfield code="a">DISARMAMENT</subfield>
        </datafield>
        <datafield tag="650" ind1="2" ind2="7">
            <subfield code="0">1277947</subfield>
            <subfield code="2">unbist</subfield>
            <subfield code="a">DISPUTE SETTLEMENT</subfield>
        </datafield>
        <datafield tag="650" ind1="2" ind2="7">
            <subfield code="0">1282694</subfield>
            <subfield code="2">unbist</subfield>
            <subfield code="a">CONFIDENCE-BUILDING MEASURES</subfield>
        </datafield>
        <datafield tag="650" ind1="2" ind2="7">
            <subfield code="0">1283968</subfield>
            <subfield code="2">unbist</subfield>
            <subfield code="a">REGIONAL SECURITY</subfield>
        </datafield>
        <datafield tag="650" ind1="2" ind2="7">
            <subfield code="0">1284215</subfield>
            <subfield code="2">unbist</subfield>
            <subfield code="a">ENVIRONMENTAL STANDARDS</subfield>
        </datafield>
        <datafield tag="650" ind1="2" ind2="7">
            <subfield code="0">1284042</subfield>
            <subfield code="2">unbist</subfield>
            <subfield code="a">MULTILATERALISM</subfield>
        </datafield>
        <datafield tag="650" ind1="2" ind2="7">
            <subfield code="0">1284465</subfield>
            <subfield code="2">unbist</subfield>
            <subfield code="a">DEPLETED URANIUM</subfield>
        </datafield>
        <datafield tag="650" ind1="2" ind2="7">
            <subfield code="0">1282877</subfield>
            <subfield code="2">unbist</subfield>
            <subfield code="a">INFORMATION TECHNOLOGY</subfield>
        </datafield>
        <datafield tag="650" ind1="2" ind2="7">
            <subfield code="0">1279874</subfield>
            <subfield code="2">unbist</subfield>
            <subfield code="a">COMMUNICATION TECHNOLOGY</subfield>
        </datafield>
        <datafield tag="650" ind1="2" ind2="7">
            <subfield code="0">1282941</subfield>
            <subfield code="2">unbist</subfield>
            <subfield code="a">COMPUTER SECURITY</subfield>
        </datafield>
        <datafield tag="650" ind1="2" ind2="7">
            <subfield code="0">1282694</subfield>
            <subfield code="2">unbist</subfield>
            <subfield code="a">CONFIDENCE-BUILDING MEASURES</subfield>
        </datafield>
        <datafield tag="793" ind1=" " ind2=" ">
            <subfield code="a">01</subfield>
        </datafield>
        <datafield tag="856" ind1="4" ind2=" ">
            <subfield code="s">412122</subfield>
            <subfield code="u">http://digitallibrary.un.org/record/699418/files/A_C.1_65_PV.21-AR.pdf</subfield>
            <subfield code="y">العربية</subfield>
        </datafield>
        <datafield tag="856" ind1="4" ind2=" ">
            <subfield code="s">345859</subfield>
            <subfield code="u">http://digitallibrary.un.org/record/699418/files/A_C.1_65_PV.21-ZH.pdf</subfield>
            <subfield code="y">中文</subfield>
        </datafield>
        <datafield tag="856" ind1="4" ind2=" ">
            <subfield code="s">151006</subfield>
            <subfield code="u">http://digitallibrary.un.org/record/699418/files/A_C.1_65_PV.21-EN.pdf</subfield>
            <subfield code="y">English</subfield>
        </datafield>
        <datafield tag="856" ind1="4" ind2=" ">
            <subfield code="s">210433</subfield>
            <subfield code="u">http://digitallibrary.un.org/record/699418/files/A_C.1_65_PV.21-FR.pdf</subfield>
            <subfield code="y">Français</subfield>
        </datafield>
        <datafield tag="856" ind1="4" ind2=" ">
            <subfield code="s">561722</subfield>
            <subfield code="u">http://digitallibrary.un.org/record/699418/files/A_C.1_65_PV.21-RU.pdf</subfield>
            <subfield code="y">Русский</subfield>
        </datafield>
        <datafield tag="856" ind1="4" ind2=" ">
            <subfield code="s">262285</subfield>
            <subfield code="u">http://digitallibrary.un.org/record/699418/files/A_C.1_65_PV.21-ES.pdf</subfield>
            <subfield code="y">Español</subfield>
        </datafield>
        <datafield tag="930" ind1=" " ind2=" ">
            <subfield code="a">UNDMA11</subfield>
        </datafield>
        <datafield tag="949" ind1=" " ind2=" ">
            <subfield code="9">A(01)/R3</subfield>
            <subfield code="b">1770111.5.1</subfield>
            <subfield code="c">c. 1</subfield>
            <subfield code="d">20110314200000</subfield>
            <subfield code="i">1770111</subfield>
            <subfield code="k">unss</subfield>
            <subfield code="l">DHL</subfield>
            <subfield code="m">14day</subfield>
            <subfield code="z">t</subfield>
        </datafield>
        <datafield tag="949" ind1=" " ind2=" ">
            <subfield code="9">A(01)/R3</subfield>
            <subfield code="b">1770110.4.1</subfield>
            <subfield code="c">c. 1</subfield>
            <subfield code="d">20110314200000</subfield>
            <subfield code="i">1770110</subfield>
            <subfield code="k">unrs</subfield>
            <subfield code="l">DHL</subfield>
            <subfield code="m">14day</subfield>
            <subfield code="z">t</subfield>
        </datafield>
        <datafield tag="949" ind1=" " ind2=" ">
            <subfield code="9">A(01)/R3</subfield>
            <subfield code="b">1770107.1.1</subfield>
            <subfield code="c">c. 1</subfield>
            <subfield code="d">20110314200000</subfield>
            <subfield code="i">1770107</subfield>
            <subfield code="k">unas</subfield>
            <subfield code="l">DHL</subfield>
            <subfield code="m">14day</subfield>
            <subfield code="z">t</subfield>
        </datafield>
        <datafield tag="949" ind1=" " ind2=" ">
            <subfield code="9">A(01)/R3</subfield>
            <subfield code="b">1770109.3.1</subfield>
            <subfield code="c">c. 1</subfield>
            <subfield code="d">20110314200000</subfield>
            <subfield code="i">1770109</subfield>
            <subfield code="k">unfs</subfield>
            <subfield code="l">DHL</subfield>
            <subfield code="m">14day</subfield>
            <subfield code="z">t</subfield>
        </datafield>
        <datafield tag="949" ind1=" " ind2=" ">
            <subfield code="9">A(01)/R3</subfield>
            <subfield code="b">10000000942358</subfield>
            <subfield code="c">c. 1</subfield>
            <subfield code="d">20110314200000</subfield>
            <subfield code="i">1770106</subfield>
            <subfield code="k">unes</subfield>
            <subfield code="l">DHL</subfield>
            <subfield code="m">14day</subfield>
            <subfield code="z">t</subfield>
        </datafield>
        <datafield tag="949" ind1=" " ind2=" ">
            <subfield code="9">A(01)/R3</subfield>
            <subfield code="b">1770108.2.1</subfield>
            <subfield code="c">c. 1</subfield>
            <subfield code="d">20110314200000</subfield>
            <subfield code="i">1770108</subfield>
            <subfield code="k">uncs</subfield>
            <subfield code="l">DHL</subfield>
            <subfield code="m">14day</subfield>
            <subfield code="z">t</subfield>
        </datafield>
        <datafield tag="980" ind1=" " ind2=" ">
            <subfield code="a">BIB</subfield>
        </datafield>
        <datafield tag="989" ind1=" " ind2=" ">
            <subfield code="a">Documents and Publications</subfield>
            <subfield code="b">Meeting Records</subfield>
            <subfield code="c">Verbatim Records</subfield>
        </datafield>
        <datafield tag="991" ind1="1" ind2=" ">
            <subfield code="0">1221877</subfield>
            <subfield code="a">A/65/251</subfield>
            <subfield code="b">88</subfield>
            <subfield code="c">Reduction of military budgets.</subfield>
            <subfield code="d">MILITARY BUDGETS</subfield>
            <subfield code="z">I</subfield>
        </datafield>
        <datafield tag="991" ind1="1" ind2=" ">
            <subfield code="0">1221879</subfield>
            <subfield code="a">A/65/251</subfield>
            <subfield code="b">89</subfield>
            <subfield code="c">African Nuclear-Weapon-Free Zone Treaty.</subfield>
            <subfield code="d">NUCLEAR-WEAPON-FREE ZONE--AFRICA</subfield>
            <subfield code="z">I</subfield>
        </datafield>
        <datafield tag="991" ind1="1" ind2=" ">
            <subfield code="0">1221890</subfield>
            <subfield code="a">A/65/251</subfield>
            <subfield code="b">90</subfield>
            <subfield code="c">Consolidation of the regime established by the Treaty for the Prohibition of Nuclear Weapons in Latin America and the Caribbean (Treaty of Tlatelolco).</subfield>
            <subfield code="d">NUCLEAR-WEAPON-FREE ZONE--LATIN AMERICA AND THE CARIBBEAN</subfield>
            <subfield code="z">I</subfield>
        </datafield>
        <datafield tag="991" ind1="1" ind2=" ">
            <subfield code="0">1221891</subfield>
            <subfield code="a">A/65/251</subfield>
            <subfield code="b">91</subfield>
            <subfield code="c">Maintenance of international security - good-neighbourliness, stability and development in South-Eastern Europe.</subfield>
            <subfield code="d">SOUTHEAST EUROPE--REGIONAL SECURITY</subfield>
            <subfield code="z">I</subfield>
        </datafield>
        <datafield tag="991" ind1="1" ind2=" ">
            <subfield code="0">1221882</subfield>
            <subfield code="a">A/65/251</subfield>
            <subfield code="b">92</subfield>
            <subfield code="c">Developments in the field of information and telecommunications in the context of international security.</subfield>
            <subfield code="d">INFORMATION--INTERNATIONAL SECURITY</subfield>
            <subfield code="z">I</subfield>
        </datafield>
        <datafield tag="991" ind1="1" ind2=" ">
            <subfield code="0">1221880</subfield>
            <subfield code="a">A/65/251</subfield>
            <subfield code="b">93</subfield>
            <subfield code="c">Establishment of a nuclear-weapon-free zone in the region of the Middle East.</subfield>
            <subfield code="d">NUCLEAR-WEAPON-FREE ZONE--MIDDLE EAST</subfield>
            <subfield code="z">I</subfield>
        </datafield>
        <datafield tag="991" ind1="1" ind2=" ">
            <subfield code="0">1221883</subfield>
            <subfield code="a">A/65/251</subfield>
            <subfield code="b">94</subfield>
            <subfield code="c">Conclusion of effective international arrangements to assure non-nuclear-weapon States against the use or threat of use of nuclear weapons.</subfield>
            <subfield code="d">NON-NUCLEAR-WEAPON STATES--SECURITY</subfield>
            <subfield code="z">I</subfield>
        </datafield>
        <datafield tag="991" ind1="1" ind2=" ">
            <subfield code="0">1221884</subfield>
            <subfield code="a">A/65/251</subfield>
            <subfield code="b">95</subfield>
            <subfield code="c">Prevention of an arms race in outer space.</subfield>
            <subfield code="d">ARMS RACE--OUTER SPACE</subfield>
            <subfield code="z">I</subfield>
        </datafield>
        <datafield tag="991" ind1="1" ind2=" ">
            <subfield code="0">1221885</subfield>
            <subfield code="a">A/65/251</subfield>
            <subfield code="b">96</subfield>
            <subfield code="c">Role of science and technology in the context of international security and disarmament.</subfield>
            <subfield code="d">SCIENCE AND TECHNOLOGY--INTERNATIONAL SECURITY</subfield>
            <subfield code="z">I</subfield>
        </datafield>
        <datafield tag="991" ind1="1" ind2=" ">
            <subfield code="0">1221886</subfield>
            <subfield code="a">A/65/251</subfield>
            <subfield code="b">97</subfield>
            <subfield code="c">General and complete disarmament.</subfield>
            <subfield code="d">DISARMAMENT--GENERAL AND COMPLETE</subfield>
            <subfield code="z">I</subfield>
        </datafield>
        <datafield tag="991" ind1="1" ind2=" ">
            <subfield code="0">1221895</subfield>
            <subfield code="a">A/65/251</subfield>
            <subfield code="b">97d</subfield>
            <subfield code="c">Effects of the use of armaments and ammunitions containing depleted uranium.</subfield>
            <subfield code="d">DEPLETED URANIUM</subfield>
            <subfield code="z">I</subfield>
        </datafield>
        <datafield tag="991" ind1="1" ind2=" ">
            <subfield code="0">1221899</subfield>
            <subfield code="a">A/65/251</subfield>
            <subfield code="b">97h</subfield>
            <subfield code="c">Consolidation of peace through practical disarmament measures.</subfield>
            <subfield code="d">PEACE--CONVENTIONAL DISARMAMENT</subfield>
            <subfield code="z">I</subfield>
        </datafield>
        <datafield tag="991" ind1="1" ind2=" ">
            <subfield code="0">1221901</subfield>
            <subfield code="a">A/65/251</subfield>
            <subfield code="b">97j</subfield>
            <subfield code="c">Preventing and combating illicit brokering activities.</subfield>
            <subfield code="d">ILLICIT TRAFFIC</subfield>
            <subfield code="z">I</subfield>
        </datafield>
        <datafield tag="991" ind1="1" ind2=" ">
            <subfield code="0">1221902</subfield>
            <subfield code="a">A/65/251</subfield>
            <subfield code="b">97k</subfield>
            <subfield code="c">Disarmament and non-proliferation education.</subfield>
            <subfield code="d">DISARMAMENT EDUCATION</subfield>
            <subfield code="z">I</subfield>
        </datafield>
        <datafield tag="991" ind1="1" ind2=" ">
            <subfield code="0">1221918</subfield>
            <subfield code="a">A/65/251</subfield>
            <subfield code="b">97m</subfield>
            <subfield code="c">Assistance to States for curbing the illicit traffic in small arms and light weapons and collecting them.</subfield>
            <subfield code="d">SMALL ARMS--ILLICIT TRAFFIC--ASSISTANCE</subfield>
            <subfield code="z">I</subfield>
        </datafield>
        <datafield tag="991" ind1="1" ind2=" ">
            <subfield code="0">1221920</subfield>
            <subfield code="a">A/65/251</subfield>
            <subfield code="b">97n</subfield>
            <subfield code="c">Relationship between disarmament and development.</subfield>
            <subfield code="d">DISARMAMENT-DEVELOPMENT LINK</subfield>
            <subfield code="z">I</subfield>
        </datafield>
        <datafield tag="991" ind1="1" ind2=" ">
            <subfield code="0">1221921</subfield>
            <subfield code="a">A/65/251</subfield>
            <subfield code="b">97o</subfield>
            <subfield code="c">Observance of environmental norms in the drafting and implementation of agreements on disarmament and arms control.</subfield>
            <subfield code="d">DISARMAMENT AGREEMENTS--ENVIRONMENT</subfield>
            <subfield code="z">I</subfield>
        </datafield>
        <datafield tag="991" ind1="1" ind2=" ">
            <subfield code="0">1221922</subfield>
            <subfield code="a">A/65/251</subfield>
            <subfield code="b">97p</subfield>
            <subfield code="c">Promotion of multilateralism in the area of disarmament and non-proliferation.</subfield>
            <subfield code="d">MULTILATERALISM--DISARMAMENT</subfield>
            <subfield code="z">I</subfield>
        </datafield>
        <datafield tag="991" ind1="1" ind2=" ">
            <subfield code="0">1221927</subfield>
            <subfield code="a">A/65/251</subfield>
            <subfield code="b">97s</subfield>
            <subfield code="c">Regional disarmament.</subfield>
            <subfield code="d">REGIONAL DISARMAMENT</subfield>
            <subfield code="z">I</subfield>
        </datafield>
        <datafield tag="991" ind1="1" ind2=" ">
            <subfield code="0">1221939</subfield>
            <subfield code="a">A/65/251</subfield>
            <subfield code="b">97t</subfield>
            <subfield code="c">Conventional arms control at the regional and subregional levels.</subfield>
            <subfield code="d">CONVENTIONAL ARMS--REGIONAL PROGRAMMES</subfield>
            <subfield code="z">I</subfield>
        </datafield>
        <datafield tag="991" ind1="1" ind2=" ">
            <subfield code="0">1221930</subfield>
            <subfield code="a">A/65/251</subfield>
            <subfield code="b">97u</subfield>
            <subfield code="c">Confidence-building measures in the regional and subregional context.</subfield>
            <subfield code="d">CONFIDENCE-BUILDING MEASURES</subfield>
            <subfield code="z">I</subfield>
        </datafield>
        <datafield tag="991" ind1="1" ind2=" ">
            <subfield code="0">1227146</subfield>
            <subfield code="a">A/65/251</subfield>
            <subfield code="b">98</subfield>
            <subfield code="c">Review and implementation of the concluding document of the 12th special session of the General Assembly.</subfield>
            <subfield code="d">DISARMAMENT--UN. GENERAL ASSEMBLY (12TH SPECIAL SESS. : 1982)--FOLLOW-UP</subfield>
            <subfield code="z">I</subfield>
        </datafield>
        <datafield tag="991" ind1="1" ind2=" ">
            <subfield code="0">1221945</subfield>
            <subfield code="a">A/65/251</subfield>
            <subfield code="b">98a</subfield>
            <subfield code="c">United Nations disarmament fellowship, training and advisory services.</subfield>
            <subfield code="d">DISARMAMENT--TRAINING PROGRAMMES</subfield>
            <subfield code="z">I</subfield>
        </datafield>
        <datafield tag="991" ind1="1" ind2=" ">
            <subfield code="0">1221946</subfield>
            <subfield code="a">A/65/251</subfield>
            <subfield code="b">98b</subfield>
            <subfield code="c">United Nations Disarmament Information Programme.</subfield>
            <subfield code="d">DISARMAMENT INFORMATION--UN</subfield>
            <subfield code="z">I</subfield>
        </datafield>
        <datafield tag="991" ind1="1" ind2=" ">
            <subfield code="0">1221947</subfield>
            <subfield code="a">A/65/251</subfield>
            <subfield code="b">98c</subfield>
            <subfield code="c">United Nations regional centres for peace and disarmament.</subfield>
            <subfield code="d">PEACE--REGIONAL CENTRES</subfield>
            <subfield code="z">I</subfield>
        </datafield>
        <datafield tag="991" ind1="1" ind2=" ">
            <subfield code="0">1221950</subfield>
            <subfield code="a">A/65/251</subfield>
            <subfield code="b">98f</subfield>
            <subfield code="c">Regional confidence-building measures : activities of the United Nations Standing Advisory Committee on Security Questions in Central Africa.</subfield>
            <subfield code="d">CONFIDENCE-BUILDING MEASURES--REGIONAL PROGRAMMES--CENTRAL AFRICA</subfield>
            <subfield code="z">I</subfield>
        </datafield>
        <datafield tag="991" ind1="1" ind2=" ">
            <subfield code="0">1221954</subfield>
            <subfield code="a">A/65/251</subfield>
            <subfield code="b">99a</subfield>
            <subfield code="c">Report of the Conference on Disarmament.</subfield>
            <subfield code="d">UN. CONFERENCE ON DISARMAMENT--REPORTS (2010)</subfield>
            <subfield code="z">I</subfield>
        </datafield>
        <datafield tag="991" ind1="1" ind2=" ">
            <subfield code="0">1221957</subfield>
            <subfield code="a">A/65/251</subfield>
            <subfield code="b">100</subfield>
            <subfield code="c">The risk of nuclear proliferation in the Middle East.</subfield>
            <subfield code="d">NUCLEAR PROLIFERATION--MIDDLE EAST</subfield>
            <subfield code="z">I</subfield>
        </datafield>
        <datafield tag="991" ind1="1" ind2=" ">
            <subfield code="0">1221958</subfield>
            <subfield code="a">A/65/251</subfield>
            <subfield code="b">101</subfield>
            <subfield code="c">Convention on Prohibitions or Restrictions on the Use of Certain Conventional Weapons Which May Be Deemed to Be Excessively Injurious or to Have Indiscriminate Effects.</subfield>
            <subfield code="d">CONVENTIONAL WEAPONS--TREATY (1980)</subfield>
            <subfield code="z">I</subfield>
        </datafield>
        <datafield tag="991" ind1="1" ind2=" ">
            <subfield code="0">1221959</subfield>
            <subfield code="a">A/65/251</subfield>
            <subfield code="b">102</subfield>
            <subfield code="c">Strengthening of security and cooperation in the Mediterranean region.</subfield>
            <subfield code="d">MEDITERRANEAN REGION--REGIONAL SECURITY</subfield>
            <subfield code="z">I</subfield>
        </datafield>
        <datafield tag="991" ind1="1" ind2=" ">
            <subfield code="0">1221960</subfield>
            <subfield code="a">A/65/251</subfield>
            <subfield code="b">103</subfield>
            <subfield code="c">Comprehensive Nuclear-Test-Ban Treaty.</subfield>
            <subfield code="d">NUCLEAR WEAPON TESTS--TREATY</subfield>
            <subfield code="z">I</subfield>
        </datafield>
        <datafield tag="991" ind1="1" ind2=" ">
            <subfield code="0">1221961</subfield>
            <subfield code="a">A/65/251</subfield>
            <subfield code="b">104</subfield>
            <subfield code="c">Convention on the Prohibition of the Development, Production and Stockpiling of Bacteriological (Biological) and Toxin Weapons and on Their Destruction.</subfield>
            <subfield code="d">BIOLOGICAL WEAPONS--TREATY (1972)</subfield>
            <subfield code="z">I</subfield>
        </datafield>
        <datafield tag="991" ind1="1" ind2=" ">
            <subfield code="0">1227624</subfield>
            <subfield code="a">A/65/251</subfield>
            <subfield code="b">162</subfield>
            <subfield code="c">Follow-up to the high-level meeting held on 24 September 2010 : revitalizing the work of the Conference on Disarmament and taking forward multilateral disarmament negotiations.</subfield>
            <subfield code="d">UN. CONFERENCE ON DISARMAMENT</subfield>
            <subfield code="z">I</subfield>
        </datafield>
        <datafield tag="992" ind1=" " ind2=" ">
            <subfield code="a">20101028</subfield>
        </datafield>
        <datafield tag="998" ind1=" " ind2=" ">
            <subfield code="a">20110315052700</subfield>
            <subfield code="b">pnser</subfield>
            <subfield code="c">20151210040200</subfield>
            <subfield code="d">mhref</subfield>
        </datafield>
        <datafield tag="999" ind1=" " ind2=" ">
            <subfield code="a">pgr20110317</subfield>
            <subfield code="b">20110317</subfield>
            <subfield code="c">r</subfield>
        </datafield>
        <datafield tag="999" ind1=" " ind2=" ">
            <subfield code="a">pnq20110315</subfield>
            <subfield code="b">20110315</subfield>
            <subfield code="c">q</subfield>
        </datafield>
        <datafield tag="999" ind1=" " ind2=" ">
            <subfield code="a">mhc20110315</subfield>
            <subfield code="b">20110315</subfield>
            <subfield code="c">c</subfield>
        </datafield>
        <datafield tag="999" ind1=" " ind2=" ">
            <subfield code="a">vwt20110329</subfield>
            <subfield code="b">20110329</subfield>
            <subfield code="c">t</subfield>
        </datafield>
    </record>