

    
    <record>
        <controlfield tag="001">699031</controlfield>
        <controlfield tag="000">00000nam\\2200025#a\4500</controlfield>
        <controlfield tag="005">20170412204800.0</controlfield>
        <controlfield tag="008">110308s2011\\\\usa\\\\#r\\\\\|||1|\eng\d</controlfield>
        <datafield tag="029" ind1=" " ind2=" ">
            <subfield code="a">JN</subfield>
            <subfield code="b">N1064443 E</subfield>
        </datafield>
        <datafield tag="035" ind1=" " ind2=" ">
            <subfield code="a">D0379133</subfield>
        </datafield>
        <datafield tag="035" ind1=" " ind2=" ">
            <subfield code="a">(DHL)941921</subfield>
        </datafield>
        <datafield tag="039" ind1=" " ind2=" ">
            <subfield code="a">DHU</subfield>
        </datafield>
        <datafield tag="040" ind1=" " ind2=" ">
            <subfield code="a">NNUN</subfield>
            <subfield code="b">eng</subfield>
        </datafield>
        <datafield tag="041" ind1=" " ind2=" ">
            <subfield code="a">arachiengfrerusspa</subfield>
        </datafield>
        <datafield tag="049" ind1=" " ind2=" ">
            <subfield code="a">usa</subfield>
        </datafield>
        <datafield tag="089" ind1=" " ind2=" ">
            <subfield code="b">B03</subfield>
        </datafield>
        <datafield tag="091" ind1=" " ind2=" ">
            <subfield code="a">GEN</subfield>
        </datafield>
        <datafield tag="099" ind1=" " ind2=" ">
            <subfield code="a">UNH</subfield>
            <subfield code="b">DHU</subfield>
            <subfield code="c">A(01)/R3</subfield>
            <subfield code="q">A01R3</subfield>
        </datafield>
        <datafield tag="191" ind1=" " ind2=" ">
            <subfield code="0">1221254</subfield>
            <subfield code="9">G88</subfield>
            <subfield code="a">A/65/PV.51</subfield>
            <subfield code="b">A/</subfield>
            <subfield code="c">65</subfield>
            <subfield code="q">A65PV51</subfield>
            <subfield code="r">A65</subfield>
        </datafield>
        <datafield tag="245" ind1="1" ind2="0">
            <subfield code="a">General Assembly official records, 65th session :</subfield>
            <subfield code="b">51st plenary meeting, Friday, 19 November 2010, New York</subfield>
        </datafield>
        <datafield tag="260" ind1=" " ind2=" ">
            <subfield code="a">[New York] :</subfield>
            <subfield code="b">UN,</subfield>
            <subfield code="c">[2011]</subfield>
        </datafield>
        <datafield tag="269" ind1=" " ind2=" ">
            <subfield code="a">2011</subfield>
        </datafield>
        <datafield tag="300" ind1=" " ind2=" ">
            <subfield code="a">2 p.</subfield>
        </datafield>
        <datafield tag="495" ind1=" " ind2=" ">
            <subfield code="a">GAOR, 65th sess., Meeting records</subfield>
        </datafield>
        <datafield tag="610" ind1="2" ind2="7">
            <subfield code="0">936815</subfield>
            <subfield code="2">unbisn</subfield>
            <subfield code="a">UN. Advisory Committee on Administrative and Budgetary Questions</subfield>
            <subfield code="g">Members</subfield>
        </datafield>
        <datafield tag="610" ind1="2" ind2="7">
            <subfield code="0">940533</subfield>
            <subfield code="2">unbisn</subfield>
            <subfield code="a">UN. Committee on Contributions</subfield>
            <subfield code="g">Members</subfield>
        </datafield>
        <datafield tag="610" ind1="2" ind2="7">
            <subfield code="0">940523</subfield>
            <subfield code="2">unbisn</subfield>
            <subfield code="a">UN. Investments Committee</subfield>
            <subfield code="g">Members</subfield>
        </datafield>
        <datafield tag="610" ind1="2" ind2="7">
            <subfield code="0">940614</subfield>
            <subfield code="2">unbisn</subfield>
            <subfield code="a">International Civil Service Commission</subfield>
            <subfield code="g">Members</subfield>
        </datafield>
        <datafield tag="610" ind1="2" ind2="7">
            <subfield code="0">1176299</subfield>
            <subfield code="2">unbisn unbisn</subfield>
            <subfield code="a">UN. Independent Audit Advisory Committee</subfield>
            <subfield code="g">Members</subfield>
        </datafield>
        <datafield tag="650" ind1="1" ind2="7">
            <subfield code="0">1283250</subfield>
            <subfield code="2">unbist</subfield>
            <subfield code="a">APPOINTMENT OF MEMBERS</subfield>
        </datafield>
        <datafield tag="793" ind1=" " ind2=" ">
            <subfield code="a">PL</subfield>
        </datafield>
        <datafield tag="856" ind1="4" ind2=" ">
            <subfield code="s">97809</subfield>
            <subfield code="u">http://digitallibrary.un.org/record/699031/files/A_65_PV.51-AR.pdf</subfield>
            <subfield code="y">العربية</subfield>
        </datafield>
        <datafield tag="856" ind1="4" ind2=" ">
            <subfield code="s">125106</subfield>
            <subfield code="u">http://digitallibrary.un.org/record/699031/files/A_65_PV.51-ZH.pdf</subfield>
            <subfield code="y">中文</subfield>
        </datafield>
        <datafield tag="856" ind1="4" ind2=" ">
            <subfield code="s">34468</subfield>
            <subfield code="u">http://digitallibrary.un.org/record/699031/files/A_65_PV.51-EN.pdf</subfield>
            <subfield code="y">English</subfield>
        </datafield>
        <datafield tag="856" ind1="4" ind2=" ">
            <subfield code="s">38593</subfield>
            <subfield code="u">http://digitallibrary.un.org/record/699031/files/A_65_PV.51-FR.pdf</subfield>
            <subfield code="y">Français</subfield>
        </datafield>
        <datafield tag="856" ind1="4" ind2=" ">
            <subfield code="s">199954</subfield>
            <subfield code="u">http://digitallibrary.un.org/record/699031/files/A_65_PV.51-RU.pdf</subfield>
            <subfield code="y">Русский</subfield>
        </datafield>
        <datafield tag="856" ind1="4" ind2=" ">
            <subfield code="s">125871</subfield>
            <subfield code="u">http://digitallibrary.un.org/record/699031/files/A_65_PV.51-ES.pdf</subfield>
            <subfield code="y">Español</subfield>
        </datafield>
        <datafield tag="930" ind1=" " ind2=" ">
            <subfield code="a">UNDMA11</subfield>
        </datafield>
        <datafield tag="949" ind1=" " ind2=" ">
            <subfield code="9">A(01)/R3</subfield>
            <subfield code="b">1768898.4.1</subfield>
            <subfield code="c">c. 1</subfield>
            <subfield code="d">20110307190000</subfield>
            <subfield code="i">1768898</subfield>
            <subfield code="k">unrs</subfield>
            <subfield code="l">DHL</subfield>
            <subfield code="m">14day</subfield>
            <subfield code="z">t</subfield>
        </datafield>
        <datafield tag="949" ind1=" " ind2=" ">
            <subfield code="9">A(01)/R3</subfield>
            <subfield code="b">1768897.3.1</subfield>
            <subfield code="c">c. 1</subfield>
            <subfield code="d">20110307190000</subfield>
            <subfield code="i">1768897</subfield>
            <subfield code="k">unfs</subfield>
            <subfield code="l">DHL</subfield>
            <subfield code="m">14day</subfield>
            <subfield code="z">t</subfield>
        </datafield>
        <datafield tag="949" ind1=" " ind2=" ">
            <subfield code="9">A(01)/R3</subfield>
            <subfield code="b">10000000941921</subfield>
            <subfield code="c">c. 1</subfield>
            <subfield code="d">20110307190000</subfield>
            <subfield code="i">1768894</subfield>
            <subfield code="k">unes</subfield>
            <subfield code="l">DHL</subfield>
            <subfield code="m">14day</subfield>
            <subfield code="z">t</subfield>
        </datafield>
        <datafield tag="949" ind1=" " ind2=" ">
            <subfield code="9">A(01)/R3</subfield>
            <subfield code="b">1768895.1.1</subfield>
            <subfield code="c">c. 1</subfield>
            <subfield code="d">20110307190000</subfield>
            <subfield code="i">1768895</subfield>
            <subfield code="k">unas</subfield>
            <subfield code="l">DHL</subfield>
            <subfield code="m">14day</subfield>
            <subfield code="z">t</subfield>
        </datafield>
        <datafield tag="949" ind1=" " ind2=" ">
            <subfield code="9">A(01)/R3</subfield>
            <subfield code="b">1768899.5.1</subfield>
            <subfield code="c">c. 1</subfield>
            <subfield code="d">20110307190000</subfield>
            <subfield code="i">1768899</subfield>
            <subfield code="k">unss</subfield>
            <subfield code="l">DHL</subfield>
            <subfield code="m">14day</subfield>
            <subfield code="z">t</subfield>
        </datafield>
        <datafield tag="949" ind1=" " ind2=" ">
            <subfield code="9">A(01)/R3</subfield>
            <subfield code="b">1768896.2.1</subfield>
            <subfield code="c">c. 1</subfield>
            <subfield code="d">20110307190000</subfield>
            <subfield code="i">1768896</subfield>
            <subfield code="k">uncs</subfield>
            <subfield code="l">DHL</subfield>
            <subfield code="m">14day</subfield>
            <subfield code="z">t</subfield>
        </datafield>
        <datafield tag="980" ind1=" " ind2=" ">
            <subfield code="a">BIB</subfield>
        </datafield>
        <datafield tag="989" ind1=" " ind2=" ">
            <subfield code="a">Documents and Publications</subfield>
            <subfield code="b">Meeting Records</subfield>
            <subfield code="c">Verbatim Records</subfield>
        </datafield>
        <datafield tag="991" ind1="1" ind2=" ">
            <subfield code="0">1221991</subfield>
            <subfield code="a">A/65/251</subfield>
            <subfield code="b">113a</subfield>
            <subfield code="c">Appointment of members of the Advisory Committee on Administrative and Budgetary Questions.</subfield>
            <subfield code="d">UN. ADVISORY COMMITTEE ON ADMINISTRATIVE AND BUDGETARY QUESTIONS--MEMBERS</subfield>
            <subfield code="e">At the 51st meeting, the following persons were appointed as members of the Advisory Committee on Administrative and Budgetary Questions for a 3-year term of office beginning on 1 Jan 2011: Namgya Khampa (India), Peter Maddens (Belgium), Carlos Ruiz Massieu (Mexico), Richard Moon (United Kingdom), Akira Sugiyama (Japan) and Zhang Wanhai (China): decision 65/406 A</subfield>
            <subfield code="z">I</subfield>
        </datafield>
        <datafield tag="991" ind1="1" ind2=" ">
            <subfield code="0">1221992</subfield>
            <subfield code="a">A/65/251</subfield>
            <subfield code="b">113b</subfield>
            <subfield code="c">Appointment of members of the Committee on Contributions.</subfield>
            <subfield code="d">UN. COMMITTEE ON CONTRIBUTIONS--MEMBERS</subfield>
            <subfield code="e">At the 51st meeting, the following persons were appointed as members of the Committee on Contributions for a 3-year term of office beginning on 1 Jan. 2011: Joseph Acakpo-Satchivi (Benin), Gordon Eckersley (Australia), Bernardo Greiver del Hoyo (Uruguay), Juan Ndong Mbomio Mangue (Equatorial Guinea), Pedro Luis Pedroso (Cuba)  and Thomas Schlesinger (Austria): decision 65/407 A</subfield>
            <subfield code="z">I</subfield>
        </datafield>
        <datafield tag="991" ind1="1" ind2=" ">
            <subfield code="0">1221993</subfield>
            <subfield code="a">A/65/251</subfield>
            <subfield code="b">113c</subfield>
            <subfield code="c">Confirmation of the appointment of members of the Investments Committee.</subfield>
            <subfield code="d">UN. INVESTMENTS COMMITTEE--MEMBERS</subfield>
            <subfield code="e">At the 51st meeting, the Assembly confirmed the reappointment by the Secretary-General of Achim Kassow and William McDonough as regular members of the Investments Committee for a 3-year term of office beginning on 1 Jan. 2011, and the reappointment of Hélène Ploix as a regular member of the Committee for a 1-year term of office beginning on 1 Jan. 2011, as well as the appointment of Simon Jiang as a regular member of the Committee for a 3-year term of office beginning on 1 Jan. 2011; the Assembly reappointed Ivan Pictet and appointed Hilda Ochoa-Brillembourg as ad hoc members of the Investments Committee for a 1-year term beginning on 1 Jan. 2011: decision 65/408</subfield>
            <subfield code="z">I</subfield>
        </datafield>
        <datafield tag="991" ind1="1" ind2=" ">
            <subfield code="0">1221994</subfield>
            <subfield code="a">A/65/251</subfield>
            <subfield code="b">113d</subfield>
            <subfield code="c">Appointment of members of the International Civil Service Commission.</subfield>
            <subfield code="d">INTERNATIONAL CIVIL SERVICE COMMISSION--MEMBERS</subfield>
            <subfield code="e">At the 51st meeting, the following persons were appointed as members of the International Civil Service Commission for a 4-year term of office beginning on 1 Jan. 2011: Marie-Françoise Bechtel (France), Daasebre Oti Boateng (Ghana), Carleen Gardner (Jamaica), Kingston Papie Rhodes (Sierra Leone) and Eugeniusz Wyzner (Poland): decision 65/409</subfield>
            <subfield code="z">I</subfield>
        </datafield>
        <datafield tag="991" ind1="1" ind2=" ">
            <subfield code="0">1221996</subfield>
            <subfield code="a">A/65/251</subfield>
            <subfield code="b">113dii</subfield>
            <subfield code="c">Designation of the Chairman of the Commission.</subfield>
            <subfield code="d">INTERNATIONAL CIVIL SERVICE COMMISSION. CHAIRMAN</subfield>
            <subfield code="e">At the 51st meeting, Kingston Papie Rhodes (Sierra Leone) was designated as Chair of the International Civil Service Commission for a 4-year term of office beginning on 1 Jan. 2011: decision 65/409</subfield>
            <subfield code="z">I</subfield>
        </datafield>
        <datafield tag="991" ind1="1" ind2=" ">
            <subfield code="0">1221997</subfield>
            <subfield code="a">A/65/251</subfield>
            <subfield code="b">113e</subfield>
            <subfield code="c">Appointment of members of the Independent Audit Advisory Committee.</subfield>
            <subfield code="d">UN. INDEPENDENT AUDIT ADVISORY COMMITTEE--MEMBERS</subfield>
            <subfield code="e">At the 51st meeting, the following persons were appointed as members of the Independent Audit Advisory Committee for a 3-year term of office beginning on 1 Jan. 2011: Vadim Vadimovich Dubinkin (Russian Federation), Vinod Rai (India) and Adrian Patrick Strachan (Jamaica): decision 65/410</subfield>
            <subfield code="z">I</subfield>
        </datafield>
        <datafield tag="992" ind1=" " ind2=" ">
            <subfield code="a">20101119</subfield>
        </datafield>
        <datafield tag="998" ind1=" " ind2=" ">
            <subfield code="a">20110308040800</subfield>
            <subfield code="b">pnser</subfield>
            <subfield code="c">20120213054500</subfield>
            <subfield code="d">vwcat2</subfield>
        </datafield>
        <datafield tag="999" ind1=" " ind2=" ">
            <subfield code="a">jmr20110309</subfield>
            <subfield code="b">20110309</subfield>
            <subfield code="c">r</subfield>
        </datafield>
        <datafield tag="999" ind1=" " ind2=" ">
            <subfield code="a">pgc20110308</subfield>
            <subfield code="b">20110308</subfield>
            <subfield code="c">c</subfield>
        </datafield>
        <datafield tag="999" ind1=" " ind2=" ">
            <subfield code="a">pnq20110308</subfield>
            <subfield code="b">20110308</subfield>
            <subfield code="c">q</subfield>
        </datafield>
        <datafield tag="999" ind1=" " ind2=" ">
            <subfield code="a">vwt20110321</subfield>
            <subfield code="b">20110321</subfield>
            <subfield code="c">t</subfield>
        </datafield>
        <datafield tag="999" ind1=" " ind2=" ">
            <subfield code="a">vwu20120125</subfield>
            <subfield code="b">20120125</subfield>
            <subfield code="c">u</subfield>
        </datafield>
        <datafield tag="999" ind1=" " ind2=" ">
            <subfield code="a">vwu20120213</subfield>
            <subfield code="b">20120213</subfield>
            <subfield code="c">u</subfield>
        </datafield>
    </record>