

    
    <record>
        <controlfield tag="001">727669</controlfield>
        <controlfield tag="000">00000nam\\2200025#a\4500</controlfield>
        <controlfield tag="005">20170412211818.0</controlfield>
        <controlfield tag="008">120524s2011\\\\usa\\\\#r\\\\\|||1|\eng\d</controlfield>
        <datafield tag="020" ind1=" " ind2=" ">
            <subfield code="a">9789218802149 (print ed.)</subfield>
        </datafield>
        <datafield tag="020" ind1=" " ind2=" ">
            <subfield code="a">9789210549844 (electronic ed.)</subfield>
        </datafield>
        <datafield tag="022" ind1=" " ind2=" ">
            <subfield code="a">0252-2284</subfield>
        </datafield>
        <datafield tag="035" ind1=" " ind2=" ">
            <subfield code="a">D0389161</subfield>
        </datafield>
        <datafield tag="035" ind1=" " ind2=" ">
            <subfield code="a">(DHL)974233</subfield>
        </datafield>
        <datafield tag="039" ind1=" " ind2=" ">
            <subfield code="a">DHU</subfield>
        </datafield>
        <datafield tag="040" ind1=" " ind2=" ">
            <subfield code="a">NNUN</subfield>
            <subfield code="b">eng</subfield>
        </datafield>
        <datafield tag="041" ind1=" " ind2=" ">
            <subfield code="a">arachiengfrerusspa</subfield>
        </datafield>
        <datafield tag="049" ind1=" " ind2=" ">
            <subfield code="a">tha</subfield>
        </datafield>
        <datafield tag="079" ind1=" " ind2=" ">
            <subfield code="a">EOR 2011 Supp. 19</subfield>
            <subfield code="q">EOR2011SUPP19</subfield>
        </datafield>
        <datafield tag="089" ind1=" " ind2=" ">
            <subfield code="b">B04</subfield>
        </datafield>
        <datafield tag="089" ind1=" " ind2=" ">
            <subfield code="b">B01</subfield>
        </datafield>
        <datafield tag="091" ind1=" " ind2=" ">
            <subfield code="a">GEN</subfield>
        </datafield>
        <datafield tag="099" ind1=" " ind2=" ">
            <subfield code="a">UNH</subfield>
            <subfield code="b">DHU</subfield>
            <subfield code="c">E(01)/R3</subfield>
            <subfield code="q">E01R3</subfield>
        </datafield>
        <datafield tag="191" ind1=" " ind2=" ">
            <subfield code="0">1228995</subfield>
            <subfield code="9">C00</subfield>
            <subfield code="a">E/2011/39</subfield>
            <subfield code="b">E/</subfield>
            <subfield code="c">2011-S</subfield>
            <subfield code="q">E201139</subfield>
            <subfield code="r">E2011S</subfield>
        </datafield>
        <datafield tag="191" ind1=" " ind2=" ">
            <subfield code="0">1228944</subfield>
            <subfield code="a">E/ESCAP/67/23</subfield>
            <subfield code="b">E/ESCAP/</subfield>
            <subfield code="c">67</subfield>
            <subfield code="q">EESCAP6723</subfield>
            <subfield code="r">EESCAP67</subfield>
        </datafield>
        <datafield tag="245" ind1="1" ind2="0">
            <subfield code="a">Economic and Social Commission for Asia and the Pacific :</subfield>
            <subfield code="b">annual report, 20 May 2010-25 May 2011</subfield>
        </datafield>
        <datafield tag="260" ind1=" " ind2=" ">
            <subfield code="a">New York :</subfield>
            <subfield code="b">UN,</subfield>
            <subfield code="c">2011</subfield>
        </datafield>
        <datafield tag="269" ind1=" " ind2=" ">
            <subfield code="a">2011</subfield>
        </datafield>
        <datafield tag="300" ind1=" " ind2=" ">
            <subfield code="a">v, 105 p.</subfield>
        </datafield>
        <datafield tag="495" ind1=" " ind2=" ">
            <subfield code="a">ESCOR, 2011, Suppl. no. 19</subfield>
        </datafield>
        <datafield tag="500" ind1=" " ind2=" ">
            <subfield code="a">Annexes (p. 93-105): 1. Statement of programme budget implications of actions and proposals of the Commission -- 2. Meetings of subsidiary bodies and other intergovernmental meetings held since the 66th session of the Commission -- 3. Publications and documents issued by the Commission.</subfield>
        </datafield>
        <datafield tag="596" ind1=" " ind2=" ">
            <subfield code="a">No job no.</subfield>
        </datafield>
        <datafield tag="610" ind1="2" ind2="7">
            <subfield code="0">1241254</subfield>
            <subfield code="2">unbisn</subfield>
            <subfield code="a">UN. ESCAP</subfield>
            <subfield code="g">Activities (2010-2011)</subfield>
        </datafield>
        <datafield tag="610" ind1="2" ind2="7">
            <subfield code="0">1223175</subfield>
            <subfield code="2">unbisn</subfield>
            <subfield code="a">UN. ESCAP</subfield>
            <subfield code="g">Work programme (2012-2013)</subfield>
        </datafield>
        <datafield tag="610" ind1="2" ind2="7">
            <subfield code="0">1241255</subfield>
            <subfield code="2">unbisn</subfield>
            <subfield code="a">UN. ESCAP (67th sess. : 2011 : Bangkok)</subfield>
        </datafield>
        <datafield tag="610" ind1="2" ind2="7">
            <subfield code="0">1228732</subfield>
            <subfield code="2">unbisn</subfield>
            <subfield code="a">UN. ESCAP (67th sess. : 2011 : Bangkok)</subfield>
            <subfield code="g">Work organization</subfield>
        </datafield>
        <datafield tag="610" ind1="2" ind2="7">
            <subfield code="0">1233186</subfield>
            <subfield code="2">unbisn</subfield>
            <subfield code="a">UN. ESCAP (67th sess. : 2011 : Bangkok)</subfield>
            <subfield code="g">Resolutions and decisions</subfield>
        </datafield>
        <datafield tag="610" ind1="2" ind2="7">
            <subfield code="0">1241346</subfield>
            <subfield code="2">unbisn</subfield>
            <subfield code="a">UN. ESCAP (68th sess. : 2012 : Bangkok)</subfield>
            <subfield code="g">Work organization</subfield>
        </datafield>
        <datafield tag="650" ind1="1" ind2="7">
            <subfield code="0">1278394</subfield>
            <subfield code="2">unbist</subfield>
            <subfield code="a">DEVELOPMENT</subfield>
        </datafield>
        <datafield tag="650" ind1="1" ind2="7">
            <subfield code="0">1278403</subfield>
            <subfield code="2">unbist</subfield>
            <subfield code="a">ECONOMIC COOPERATION</subfield>
        </datafield>
        <datafield tag="650" ind1="1" ind2="7">
            <subfield code="0">1278419</subfield>
            <subfield code="2">unbist</subfield>
            <subfield code="a">REGIONAL COOPERATION</subfield>
        </datafield>
        <datafield tag="650" ind1="2" ind2="7">
            <subfield code="0">1282567</subfield>
            <subfield code="2">unbist</subfield>
            <subfield code="a">PROGRAMME PLANNING</subfield>
        </datafield>
        <datafield tag="650" ind1="2" ind2="7">
            <subfield code="0">1281649</subfield>
            <subfield code="2">unbist</subfield>
            <subfield code="a">DOCUMENTS</subfield>
        </datafield>
        <datafield tag="650" ind1="2" ind2="7">
            <subfield code="0">1282542</subfield>
            <subfield code="2">unbist</subfield>
            <subfield code="a">FINANCIAL IMPLICATIONS</subfield>
        </datafield>
        <datafield tag="651" ind1="1" ind2="7">
            <subfield code="0">1282450</subfield>
            <subfield code="2">unbist</subfield>
            <subfield code="a">ASIA AND THE PACIFIC</subfield>
        </datafield>
        <datafield tag="710" ind1="2" ind2=" ">
            <subfield code="0">864483</subfield>
            <subfield code="a">UN. ESCAP</subfield>
        </datafield>
        <datafield tag="830" ind1=" " ind2=" ">
            <subfield code="0">1275403</subfield>
            <subfield code="a">Economic and Social Council. Official Records. Supplement</subfield>
        </datafield>
        <datafield tag="830" ind1=" " ind2=" ">
            <subfield code="0">1275615</subfield>
            <subfield code="a">Annual Report of the Economic and Social Commission for Asia and the Pacific</subfield>
        </datafield>
        <datafield tag="856" ind1="4" ind2=" ">
            <subfield code="s">838680</subfield>
            <subfield code="u">http://digitallibrary.un.org/record/727669/files/E_2011_39_E_ESCAP_67_23-ZH.pdf</subfield>
            <subfield code="y">中文</subfield>
        </datafield>
        <datafield tag="856" ind1="4" ind2=" ">
            <subfield code="s">1003712</subfield>
            <subfield code="u">http://digitallibrary.un.org/record/727669/files/E_2011_39_E_ESCAP_67_23-EN.pdf</subfield>
            <subfield code="y">English</subfield>
        </datafield>
        <datafield tag="856" ind1="4" ind2=" ">
            <subfield code="s">815628</subfield>
            <subfield code="u">http://digitallibrary.un.org/record/727669/files/E_2011_39_E_ESCAP_67_23-FR.pdf</subfield>
            <subfield code="y">Français</subfield>
        </datafield>
        <datafield tag="856" ind1="4" ind2=" ">
            <subfield code="s">1174965</subfield>
            <subfield code="u">http://digitallibrary.un.org/record/727669/files/E_2011_39_E_ESCAP_67_23-RU.pdf</subfield>
            <subfield code="y">Русский</subfield>
        </datafield>
        <datafield tag="930" ind1=" " ind2=" ">
            <subfield code="a">UNDMY12</subfield>
        </datafield>
        <datafield tag="949" ind1=" " ind2=" ">
            <subfield code="9">E(01)/R3</subfield>
            <subfield code="b">10000000974233</subfield>
            <subfield code="c">c. 1</subfield>
            <subfield code="d">20120523200000</subfield>
            <subfield code="i">1854435</subfield>
            <subfield code="k">unes</subfield>
            <subfield code="l">DHL</subfield>
            <subfield code="m">14day</subfield>
            <subfield code="z">t</subfield>
        </datafield>
        <datafield tag="980" ind1=" " ind2=" ">
            <subfield code="a">BIB</subfield>
        </datafield>
        <datafield tag="989" ind1=" " ind2=" ">
            <subfield code="a">Documents and Publications</subfield>
            <subfield code="b">Resolutions and Decisions</subfield>
        </datafield>
        <datafield tag="989" ind1=" " ind2=" ">
            <subfield code="a">Documents and Publications</subfield>
            <subfield code="b">Reports</subfield>
            <subfield code="c">Annual and Sessional Reports</subfield>
        </datafield>
        <datafield tag="989" ind1=" " ind2=" ">
            <subfield code="a">Documents and Publications</subfield>
            <subfield code="b">Publications</subfield>
        </datafield>
        <datafield tag="991" ind1="2" ind2=" ">
            <subfield code="0">1232999</subfield>
            <subfield code="a">E/2011/100</subfield>
            <subfield code="b">10[2]</subfield>
            <subfield code="d">REGIONAL COOPERATION--ASIA AND THE PACIFIC</subfield>
            <subfield code="z">I</subfield>
        </datafield>
        <datafield tag="998" ind1=" " ind2=" ">
            <subfield code="a">20120524090700</subfield>
            <subfield code="b">mlcat</subfield>
            <subfield code="c">20170120085600</subfield>
            <subfield code="d">tbcat</subfield>
        </datafield>
        <datafield tag="999" ind1=" " ind2=" ">
            <subfield code="a">kakc20120524</subfield>
            <subfield code="b">20120524</subfield>
            <subfield code="c">c</subfield>
        </datafield>
        <datafield tag="999" ind1=" " ind2=" ">
            <subfield code="a">slr20120529</subfield>
            <subfield code="b">20120529</subfield>
            <subfield code="c">r</subfield>
        </datafield>
        <datafield tag="999" ind1=" " ind2=" ">
            <subfield code="a">mleq20120524</subfield>
            <subfield code="b">20120524</subfield>
            <subfield code="c">q</subfield>
        </datafield>
        <datafield tag="999" ind1=" " ind2=" ">
            <subfield code="a">vwt20120531</subfield>
            <subfield code="b">20120531</subfield>
            <subfield code="c">t</subfield>
        </datafield>
        <datafield tag="999" ind1=" " ind2=" ">
            <subfield code="a">pau20161024</subfield>
            <subfield code="b">20161024</subfield>
            <subfield code="c">u</subfield>
        </datafield>
        <datafield tag="999" ind1=" " ind2=" ">
            <subfield code="a">tbu20170120</subfield>
            <subfield code="b">20170120</subfield>
            <subfield code="c">u</subfield>
        </datafield>
    </record>