

    
    <record>
        <controlfield tag="001">721995</controlfield>
        <controlfield tag="000">00000nam\\2200025#a\4500</controlfield>
        <controlfield tag="005">20170412211803.0</controlfield>
        <controlfield tag="008">120306s2011\\\\usa\\\\#r\\\\\|||1|\eng\d</controlfield>
        <datafield tag="022" ind1=" " ind2=" ">
            <subfield code="a">0257-0807</subfield>
        </datafield>
        <datafield tag="029" ind1=" " ind2=" ">
            <subfield code="a">JN</subfield>
            <subfield code="b">N1141575 E</subfield>
        </datafield>
        <datafield tag="035" ind1=" " ind2=" ">
            <subfield code="a">D0387110</subfield>
        </datafield>
        <datafield tag="035" ind1=" " ind2=" ">
            <subfield code="a">(DHL)968035</subfield>
        </datafield>
        <datafield tag="039" ind1=" " ind2=" ">
            <subfield code="a">DHU</subfield>
        </datafield>
        <datafield tag="040" ind1=" " ind2=" ">
            <subfield code="a">NNUN</subfield>
            <subfield code="b">eng</subfield>
        </datafield>
        <datafield tag="041" ind1=" " ind2=" ">
            <subfield code="a">arachiengfrerusspa</subfield>
        </datafield>
        <datafield tag="049" ind1=" " ind2=" ">
            <subfield code="a">usa</subfield>
        </datafield>
        <datafield tag="089" ind1=" " ind2=" ">
            <subfield code="b">B04</subfield>
        </datafield>
        <datafield tag="091" ind1=" " ind2=" ">
            <subfield code="a">GEN</subfield>
        </datafield>
        <datafield tag="099" ind1=" " ind2=" ">
            <subfield code="a">UNH</subfield>
            <subfield code="b">DHU</subfield>
            <subfield code="c">A(01)/R3</subfield>
            <subfield code="q">A01R3</subfield>
        </datafield>
        <datafield tag="191" ind1=" " ind2=" ">
            <subfield code="0">1228994</subfield>
            <subfield code="9">G00</subfield>
            <subfield code="a">A/66/5/Add.5</subfield>
            <subfield code="b">A/</subfield>
            <subfield code="c">66</subfield>
            <subfield code="q">A665ADD5</subfield>
            <subfield code="r">A66</subfield>
        </datafield>
        <datafield tag="245" ind1="1" ind2="0">
            <subfield code="a">Voluntary funds administered by the United Nations High Commissioner for Refugees :</subfield>
            <subfield code="b">financial report and audited financial statements for the year ended 31 December 2010 and report of the Board of Auditors</subfield>
        </datafield>
        <datafield tag="260" ind1=" " ind2=" ">
            <subfield code="a">New York :</subfield>
            <subfield code="b">UN,</subfield>
            <subfield code="c">2011</subfield>
        </datafield>
        <datafield tag="269" ind1=" " ind2=" ">
            <subfield code="a">2011</subfield>
        </datafield>
        <datafield tag="300" ind1=" " ind2=" ">
            <subfield code="a">vii, 94 p. :</subfield>
            <subfield code="b">graphs, tables</subfield>
        </datafield>
        <datafield tag="495" ind1=" " ind2=" ">
            <subfield code="a">GAOR, 66th sess., Suppl. no. 5E</subfield>
        </datafield>
        <datafield tag="610" ind1="2" ind2="7">
            <subfield code="0">954564</subfield>
            <subfield code="2">unbisn</subfield>
            <subfield code="a">UN. Board of Auditors</subfield>
            <subfield code="g">Recommendations</subfield>
        </datafield>
        <datafield tag="610" ind1="2" ind2="7">
            <subfield code="0">1239078</subfield>
            <subfield code="2">unbisn</subfield>
            <subfield code="a">UN High Commissioner for Refugees</subfield>
            <subfield code="g">Accounts (2010)</subfield>
        </datafield>
        <datafield tag="650" ind1="1" ind2="7">
            <subfield code="0">1279405</subfield>
            <subfield code="2">unbist</subfield>
            <subfield code="a">FINANCIAL STATEMENTS</subfield>
        </datafield>
        <datafield tag="650" ind1="1" ind2="7">
            <subfield code="0">1279388</subfield>
            <subfield code="2">unbist</subfield>
            <subfield code="a">AUDITING</subfield>
        </datafield>
        <datafield tag="710" ind1="2" ind2=" ">
            <subfield code="0">871712</subfield>
            <subfield code="a">UN. Board of Auditors</subfield>
        </datafield>
        <datafield tag="710" ind1="2" ind2=" ">
            <subfield code="0">881247</subfield>
            <subfield code="a">UN High Commissioner for Refugees</subfield>
        </datafield>
        <datafield tag="830" ind1=" " ind2=" ">
            <subfield code="0">1275669</subfield>
            <subfield code="a">Voluntary funds administered by the UN High Commissioner for Refugees. Financial report and audited financial statements for the year ended 31 December ... and report of the Board of Auditors</subfield>
        </datafield>
        <datafield tag="830" ind1=" " ind2=" ">
            <subfield code="0">1275660</subfield>
            <subfield code="a">Financial report and audited financial statements for the year/biennium ended 31 December ... and report of the Board of Auditors</subfield>
        </datafield>
        <datafield tag="830" ind1=" " ind2=" ">
            <subfield code="0">1275447</subfield>
            <subfield code="a">General Assembly. Official Records. Supplement</subfield>
        </datafield>
        <datafield tag="856" ind1="4" ind2=" ">
            <subfield code="s">1174680</subfield>
            <subfield code="u">http://digitallibrary.un.org/record/721995/files/A_66_5_Add.5-AR.pdf</subfield>
            <subfield code="y">العربية</subfield>
        </datafield>
        <datafield tag="856" ind1="4" ind2=" ">
            <subfield code="s">671060</subfield>
            <subfield code="u">http://digitallibrary.un.org/record/721995/files/A_66_5_Add.5-ZH.pdf</subfield>
            <subfield code="y">中文</subfield>
        </datafield>
        <datafield tag="856" ind1="4" ind2=" ">
            <subfield code="s">402557</subfield>
            <subfield code="u">http://digitallibrary.un.org/record/721995/files/A_66_5_Add.5-EN.pdf</subfield>
            <subfield code="y">English</subfield>
        </datafield>
        <datafield tag="856" ind1="4" ind2=" ">
            <subfield code="s">459443</subfield>
            <subfield code="u">http://digitallibrary.un.org/record/721995/files/A_66_5_Add.5-FR.pdf</subfield>
            <subfield code="y">Français</subfield>
        </datafield>
        <datafield tag="856" ind1="4" ind2=" ">
            <subfield code="s">1146850</subfield>
            <subfield code="u">http://digitallibrary.un.org/record/721995/files/A_66_5_Add.5-RU.pdf</subfield>
            <subfield code="y">Русский</subfield>
        </datafield>
        <datafield tag="856" ind1="4" ind2=" ">
            <subfield code="s">445273</subfield>
            <subfield code="u">http://digitallibrary.un.org/record/721995/files/A_66_5_Add.5-ES.pdf</subfield>
            <subfield code="y">Español</subfield>
        </datafield>
        <datafield tag="930" ind1=" " ind2=" ">
            <subfield code="a">UNDMA12</subfield>
        </datafield>
        <datafield tag="949" ind1=" " ind2=" ">
            <subfield code="9">A(01)/R3</subfield>
            <subfield code="b">10000000968035</subfield>
            <subfield code="c">c. 1</subfield>
            <subfield code="d">20120305190000</subfield>
            <subfield code="i">1840570</subfield>
            <subfield code="k">unes</subfield>
            <subfield code="l">DHL</subfield>
            <subfield code="m">14day</subfield>
            <subfield code="z">t</subfield>
        </datafield>
        <datafield tag="980" ind1=" " ind2=" ">
            <subfield code="a">BIB</subfield>
        </datafield>
        <datafield tag="989" ind1=" " ind2=" ">
            <subfield code="a">Documents and Publications</subfield>
            <subfield code="b">Reports</subfield>
            <subfield code="c">Annual and Sessional Reports</subfield>
        </datafield>
        <datafield tag="989" ind1=" " ind2=" ">
            <subfield code="a">Documents and Publications</subfield>
            <subfield code="b">Publications</subfield>
        </datafield>
        <datafield tag="991" ind1="1" ind2=" ">
            <subfield code="0">1230851</subfield>
            <subfield code="a">A/66/251</subfield>
            <subfield code="b">131b</subfield>
            <subfield code="c">Voluntary funds administered by the United Nations High Commissioner for Refugees.</subfield>
            <subfield code="d">UNHCR--ACCOUNTS</subfield>
            <subfield code="z">I</subfield>
        </datafield>
        <datafield tag="991" ind1="1" ind2=" ">
            <subfield code="0">1230849</subfield>
            <subfield code="a">A/66/251</subfield>
            <subfield code="b">131</subfield>
            <subfield code="c">Financial reports and audited financial statements, and reports of the Board of Auditors.</subfield>
            <subfield code="d">UN--FINANCIAL REPORTS</subfield>
            <subfield code="z">I</subfield>
        </datafield>
        <datafield tag="998" ind1=" " ind2=" ">
            <subfield code="a">20120306112400</subfield>
            <subfield code="b">kroy</subfield>
            <subfield code="c">20170116101200</subfield>
            <subfield code="d">shkcat</subfield>
        </datafield>
        <datafield tag="999" ind1=" " ind2=" ">
            <subfield code="a">shku20170116</subfield>
            <subfield code="b">20170116</subfield>
            <subfield code="c">u</subfield>
        </datafield>
        <datafield tag="999" ind1=" " ind2=" ">
            <subfield code="a">slr20120308</subfield>
            <subfield code="b">20120308</subfield>
            <subfield code="c">r</subfield>
        </datafield>
        <datafield tag="999" ind1=" " ind2=" ">
            <subfield code="a">krq20120306</subfield>
            <subfield code="b">20120306</subfield>
            <subfield code="c">q</subfield>
        </datafield>
        <datafield tag="999" ind1=" " ind2=" ">
            <subfield code="a">mhc20120307</subfield>
            <subfield code="b">20120307</subfield>
            <subfield code="c">c</subfield>
        </datafield>
        <datafield tag="999" ind1=" " ind2=" ">
            <subfield code="a">vwt20120307</subfield>
            <subfield code="b">20120307</subfield>
            <subfield code="c">t</subfield>
        </datafield>
        <datafield tag="999" ind1=" " ind2=" ">
            <subfield code="a">vwu20121219</subfield>
            <subfield code="b">20121219</subfield>
            <subfield code="c">u</subfield>
        </datafield>
    </record>