

    
<record>
  <controlfield tag="000">00000nam\\2200025#a\4500</controlfield>
  <controlfield tag="001">720652</controlfield>
  <controlfield tag="005">20170612115255.0</controlfield>
  <controlfield tag="008">120208s2012\\\\usa\\\\#r\\\\\|||1|\eng\d</controlfield>
  <datafield tag="029" ind1=" " ind2=" ">
    <subfield code="a">JN</subfield>
    <subfield code="b">N1149214 E</subfield>
  </datafield>
  <datafield tag="035" ind1=" " ind2=" ">
    <subfield code="a">D0390640</subfield>
  </datafield>
  <datafield tag="035" ind1=" " ind2=" ">
    <subfield code="a">(DHL)966506</subfield>
  </datafield>
  <datafield tag="039" ind1=" " ind2=" ">
    <subfield code="a">DHU</subfield>
  </datafield>
  <datafield tag="040" ind1=" " ind2=" ">
    <subfield code="a">NNUN</subfield>
    <subfield code="b">eng</subfield>
  </datafield>
  <datafield tag="041" ind1=" " ind2=" ">
    <subfield code="a">arachiengfrerusspa</subfield>
  </datafield>
  <datafield tag="049" ind1=" " ind2=" ">
    <subfield code="a">usa</subfield>
  </datafield>
  <datafield tag="089" ind1=" " ind2=" ">
    <subfield code="b">B03</subfield>
  </datafield>
  <datafield tag="091" ind1=" " ind2=" ">
    <subfield code="a">GEN</subfield>
  </datafield>
  <datafield tag="099" ind1=" " ind2=" ">
    <subfield code="a">UNH</subfield>
    <subfield code="b">DHU</subfield>
    <subfield code="c">A(01)/R3</subfield>
    <subfield code="q">A01R3</subfield>
  </datafield>
  <datafield tag="191" ind1=" " ind2=" ">
    <subfield code="a">A/65/PV.118</subfield>
    <subfield code="b">A/</subfield>
    <subfield code="c">65</subfield>
    <subfield code="9">G88</subfield>
    <subfield code="q">A65PV118</subfield>
    <subfield code="r">A65</subfield>
    <subfield code="0">(DHLAUTH)778069</subfield>
  </datafield>
  <datafield tag="245" ind1="1" ind2="0">
    <subfield code="a">General Assembly official records, 65th session :</subfield>
    <subfield code="b">118th plenary meeting, Monday, 12 September 2011, New York</subfield>
  </datafield>
  <datafield tag="260" ind1=" " ind2=" ">
    <subfield code="a">[New York] :</subfield>
    <subfield code="b">UN,</subfield>
    <subfield code="c">2011</subfield>
  </datafield>
  <datafield tag="269" ind1=" " ind2=" ">
    <subfield code="a">2011</subfield>
  </datafield>
  <datafield tag="300" ind1=" " ind2=" ">
    <subfield code="a">15 p.</subfield>
  </datafield>
  <datafield tag="495" ind1=" " ind2=" ">
    <subfield code="a">GAOR, 65th sess., Meeting records</subfield>
  </datafield>
  <datafield tag="600" ind1="1" ind2="7">
    <subfield code="a">Holkeri, Harri</subfield>
    <subfield code="2">unbisn</subfield>
    <subfield code="0">(DHLAUTH)591575</subfield>
  </datafield>
  <datafield tag="610" ind1="2" ind2="7">
    <subfield code="a">UN. General Assembly (65th sess. : 2010-2011)</subfield>
    <subfield code="g">Work organization</subfield>
    <subfield code="2">unbisn</subfield>
    <subfield code="0">(DHLAUTH)712270</subfield>
  </datafield>
  <datafield tag="610" ind1="2" ind2="7">
    <subfield code="a">UN. General Assembly (65th sess. : 2010-2011)</subfield>
    <subfield code="g">Agenda</subfield>
    <subfield code="2">unbisn</subfield>
    <subfield code="0">(DHLAUTH)734893</subfield>
  </datafield>
  <datafield tag="610" ind1="2" ind2="7">
    <subfield code="a">UN. Committee for Programme and Coordination</subfield>
    <subfield code="g">Members</subfield>
    <subfield code="2">unbisn</subfield>
    <subfield code="0">(DHLAUTH)328104</subfield>
  </datafield>
  <datafield tag="610" ind1="2" ind2="7">
    <subfield code="a">UN. General Assembly</subfield>
    <subfield code="g">Work organization</subfield>
    <subfield code="2">unbisn</subfield>
    <subfield code="0">(DHLAUTH)327956</subfield>
  </datafield>
  <datafield tag="610" ind1="2" ind2="7">
    <subfield code="a">UN. Security Council</subfield>
    <subfield code="g">Organizational reform</subfield>
    <subfield code="2">unbisn</subfield>
    <subfield code="0">(DHLAUTH)534019</subfield>
  </datafield>
  <datafield tag="610" ind1="2" ind2="7">
    <subfield code="a">UN</subfield>
    <subfield code="2">unbisn</subfield>
    <subfield code="0">(DHLAUTH)15785</subfield>
  </datafield>
  <datafield tag="611" ind1="2" ind2="7">
    <subfield code="a">Pacific Islands Forum</subfield>
    <subfield code="2">unbisn</subfield>
    <subfield code="0">(DHLAUTH)596470</subfield>
  </datafield>
  <datafield tag="611" ind1="2" ind2="7">
    <subfield code="a">UN Conference at the Highest Level on the World Financial and Economic Crisis and its Impact on Development (2009 : New York)</subfield>
    <subfield code="2">unbisn</subfield>
    <subfield code="0">(DHLAUTH)761598</subfield>
  </datafield>
  <datafield tag="611" ind1="2" ind2="7">
    <subfield code="a">High-Level Dialogue on Financing for Development (5th : 2011 : New York)</subfield>
    <subfield code="g">Work organization</subfield>
    <subfield code="2">unbisn</subfield>
    <subfield code="0">(DHLAUTH)802266</subfield>
  </datafield>
  <datafield tag="630" ind1="0" ind2="7">
    <subfield code="a">Declaration of Commitment on HIV/AIDS (2001)</subfield>
    <subfield code="2">unbisn</subfield>
    <subfield code="0">(DHLAUTH)610148</subfield>
  </datafield>
  <datafield tag="630" ind1="0" ind2="7">
    <subfield code="a">Political Declaration on HIV/AIDS : Intensifying Our Efforts to Eliminate HIV/AIDS (2011)</subfield>
    <subfield code="2">unbisn</subfield>
    <subfield code="0">(DHLAUTH)800352</subfield>
  </datafield>
  <datafield tag="630" ind1="0" ind2="7">
    <subfield code="a">General Regulations of the World Food Programme</subfield>
    <subfield code="2">unbisn</subfield>
    <subfield code="0">(DHLAUTH)188303</subfield>
  </datafield>
  <datafield tag="650" ind1="1" ind2="7">
    <subfield code="a">TRIBUTES</subfield>
    <subfield code="2">unbist</subfield>
    <subfield code="0">(DHLAUTH)276058</subfield>
  </datafield>
  <datafield tag="650" ind1="1" ind2="7">
    <subfield code="a">COOPERATION BETWEEN ORGANIZATIONS</subfield>
    <subfield code="2">unbist</subfield>
    <subfield code="0">(DHLAUTH)268652</subfield>
  </datafield>
  <datafield tag="650" ind1="1" ind2="7">
    <subfield code="a">DEVELOPMENT</subfield>
    <subfield code="2">unbist</subfield>
    <subfield code="0">(DHLAUTH)269844</subfield>
  </datafield>
  <datafield tag="650" ind1="1" ind2="7">
    <subfield code="a">INTERNATIONAL SECURITY</subfield>
    <subfield code="2">unbist</subfield>
    <subfield code="0">(DHLAUTH)268587</subfield>
  </datafield>
  <datafield tag="793" ind1=" " ind2=" ">
    <subfield code="a">PL</subfield>
  </datafield>
  <datafield tag="856" ind1="4" ind2=" ">
    <subfield code="s">159545</subfield>
    <subfield code="u">http://digitallibrary.un.org/record/720652/files/A_65_PV-118-FR.pdf</subfield>
    <subfield code="y">Français</subfield>
  </datafield>
  <datafield tag="856" ind1="4" ind2=" ">
    <subfield code="s">230252</subfield>
    <subfield code="u">http://digitallibrary.un.org/record/720652/files/A_65_PV-118-ES.pdf</subfield>
    <subfield code="y">Español</subfield>
  </datafield>
  <datafield tag="856" ind1="4" ind2=" ">
    <subfield code="s">261578</subfield>
    <subfield code="u">http://digitallibrary.un.org/record/720652/files/A_65_PV-118-EN.pdf</subfield>
    <subfield code="y">English</subfield>
  </datafield>
  <datafield tag="856" ind1="4" ind2=" ">
    <subfield code="s">273532</subfield>
    <subfield code="u">http://digitallibrary.un.org/record/720652/files/A_65_PV-118-AR.pdf</subfield>
    <subfield code="y">العربية</subfield>
  </datafield>
  <datafield tag="856" ind1="4" ind2=" ">
    <subfield code="s">325216</subfield>
    <subfield code="u">http://digitallibrary.un.org/record/720652/files/A_65_PV-118-ZH.pdf</subfield>
    <subfield code="y">中文</subfield>
  </datafield>
  <datafield tag="856" ind1="4" ind2=" ">
    <subfield code="s">403064</subfield>
    <subfield code="u">http://digitallibrary.un.org/record/720652/files/A_65_PV-118-RU.pdf</subfield>
    <subfield code="y">Русский</subfield>
  </datafield>
  <datafield tag="930" ind1=" " ind2=" ">
    <subfield code="a">UNDFE12</subfield>
  </datafield>
  <datafield tag="949" ind1=" " ind2=" ">
    <subfield code="9">A(01)/R3</subfield>
    <subfield code="b">10000000966506</subfield>
    <subfield code="i">1860691</subfield>
    <subfield code="k">unes</subfield>
    <subfield code="c">c. 1</subfield>
    <subfield code="l">DHL</subfield>
    <subfield code="z">t</subfield>
    <subfield code="m">14day</subfield>
    <subfield code="d">20120801200000</subfield>
  </datafield>
  <datafield tag="989" ind1=" " ind2=" ">
    <subfield code="a">Documents and Publications</subfield>
    <subfield code="b">Meeting Records</subfield>
    <subfield code="c">Verbatim Records</subfield>
  </datafield>
  <datafield tag="991" ind1="1" ind2=" ">
    <subfield code="a">A/65/251</subfield>
    <subfield code="b">2</subfield>
    <subfield code="c">Minute of silent prayer or meditation.</subfield>
    <subfield code="d">UN. GENERAL ASSEMBLY (65TH SESS. : 2010-2011)--PRAYER OR MEDITATION</subfield>
    <subfield code="e">At the 118th meeting, members of the General Assembly observed a minute of silent prayer or meditation</subfield>
    <subfield code="z">I</subfield>
    <subfield code="0">(DHLAUTH)778117</subfield>
  </datafield>
  <datafield tag="991" ind1="1" ind2=" ">
    <subfield code="a">A/65/251</subfield>
    <subfield code="b">[304]</subfield>
    <subfield code="d">UN. GENERAL ASSEMBLY (65TH SESS. : 2010-2011)--CLOSING</subfield>
    <subfield code="e">At the 118th meeting, the President declared closed the 65th session of the General Assembly</subfield>
    <subfield code="z">I</subfield>
    <subfield code="0">(DHLAUTH)789211</subfield>
  </datafield>
  <datafield tag="991" ind1="1" ind2=" ">
    <subfield code="a">A/65/251</subfield>
    <subfield code="b">9</subfield>
    <subfield code="c">Report of the Economic and Social Council.</subfield>
    <subfield code="d">UN. ECONOMIC AND SOCIAL COUNCIL--REPORTS</subfield>
    <subfield code="e">At the 118th meeting, draft decision in A/65/928 entitled "Proposed amendment to the General Regulations of the World Food Programme" was adopted without vote: decision 65/550</subfield>
    <subfield code="z">I</subfield>
    <subfield code="0">(DHLAUTH)778126</subfield>
  </datafield>
  <datafield tag="991" ind1="1" ind2=" ">
    <subfield code="a">A/65/251</subfield>
    <subfield code="b">7</subfield>
    <subfield code="c">Organization of work, adoption of the agenda and allocation of items : reports of the General Committee.</subfield>
    <subfield code="d">UN. GENERAL ASSEMBLY (65TH SESS. : 2010-2011)--AGENDA</subfield>
    <subfield code="e">At the 118th meeting, the Assembly decided the following: to reopen consideration of agenda item 10 entitled "Implementation of the Declaration of Commitment on HIV/AIDS and the Political Declaration on HIV/AIDS", under heading A (Promotion of sustained economic growth and sustainable development in accordance with the relevant resolutions of the General Assembly and recent UN conferences), and to proceed expeditiously with the consideration of a draft decision; to reopen consideration of agenda item 19 entitled "Follow-up to and implementation of the outcome of the 2002 International  Conference on Financing for Development and the 2008 Review Conference", under heading A, and to proceed expeditiously with the consideration of a draft resolution: decision 65/503 B</subfield>
    <subfield code="z">I</subfield>
    <subfield code="0">(DHLAUTH)778124</subfield>
  </datafield>
  <datafield tag="991" ind1="1" ind2=" ">
    <subfield code="a">A/65/251</subfield>
    <subfield code="b">10</subfield>
    <subfield code="c">Implementation of the Declaration of Commitment on HIV/AIDS and the Political Declaration on HIV/AIDS.</subfield>
    <subfield code="d">HIV/AIDS--DECLARATIONS</subfield>
    <subfield code="e">At the 118th meeting, draft decision A/65/L.89 was adopted without vote: decision 65/551</subfield>
    <subfield code="z">I</subfield>
    <subfield code="0">(DHLAUTH)778138</subfield>
  </datafield>
  <datafield tag="991" ind1="1" ind2=" ">
    <subfield code="a">A/65/251</subfield>
    <subfield code="b">13</subfield>
    <subfield code="c">Integrated and coordinated implementation of and follow-up to the outcomes of the major United Nations conferences and summits in the economic, social and related fields.</subfield>
    <subfield code="d">UN CONFERENCES--FOLLOW-UP</subfield>
    <subfield code="e">At the 118th meeting, draft resolution A/65/L.42/Rev.1 was adopted without vote: resolution 65/313</subfield>
    <subfield code="z">I</subfield>
    <subfield code="0">(DHLAUTH)778141</subfield>
  </datafield>
  <datafield tag="991" ind1="1" ind2=" ">
    <subfield code="a">A/65/251</subfield>
    <subfield code="b">19</subfield>
    <subfield code="c">Follow-up to and implementation of the outcome of the 2002 International Conference on Financing for Development and the 2008 Review Conference.</subfield>
    <subfield code="d">DEVELOPMENT FINANCE--CONFERENCE (2002 : MONTERREY, MEXICO)--FOLLOW-UP</subfield>
    <subfield code="e"> At the 118th meeting, draft resolution A/65/L.91 was adopted without vote: resolution 65/314</subfield>
    <subfield code="z">I</subfield>
    <subfield code="0">(DHLAUTH)778172</subfield>
  </datafield>
  <datafield tag="991" ind1="1" ind2=" ">
    <subfield code="a">A/65/251</subfield>
    <subfield code="b">39</subfield>
    <subfield code="c">The situation in the occupied territories of Azerbaijan.</subfield>
    <subfield code="d">AZERBAIJAN SITUATION</subfield>
    <subfield code="e">At the 118 meeting, the Assembly decided to defer consideration of the item entitled "The situation in the occupied territories of Azerbaijan" and to include the item in the provisional agenda of the 66th session: decision 65/552</subfield>
    <subfield code="z">I</subfield>
    <subfield code="0">(DHLAUTH)778274</subfield>
  </datafield>
  <datafield tag="991" ind1="1" ind2=" ">
    <subfield code="a">A/65/251</subfield>
    <subfield code="b">40</subfield>
    <subfield code="c">Question of the Comorian island of Mayotte.</subfield>
    <subfield code="d">COMORIAN ISLAND OF MAYOTTE</subfield>
    <subfield code="e">At the 118 meeting, the Assembly decided to defer consideration of the item entitled "Question of the Comorian island of Mayotte" and to include the item in the provisional agenda of the 66th session: decision 65/553</subfield>
    <subfield code="z">I</subfield>
    <subfield code="0">(DHLAUTH)778275</subfield>
  </datafield>
  <datafield tag="991" ind1="1" ind2=" ">
    <subfield code="a">A/65/251</subfield>
    <subfield code="b">43</subfield>
    <subfield code="c">Question of Cyprus.</subfield>
    <subfield code="d">CYPRUS QUESTION</subfield>
    <subfield code="z">I</subfield>
    <subfield code="0">(DHLAUTH)778278</subfield>
  </datafield>
  <datafield tag="991" ind1="1" ind2=" ">
    <subfield code="a">A/65/251</subfield>
    <subfield code="b">44</subfield>
    <subfield code="c">Armed aggression against the Democratic Republic of the Congo.</subfield>
    <subfield code="d">DEMOCRATIC REPUBLIC OF THE CONGO--ARMED AGGRESSION</subfield>
    <subfield code="z">I</subfield>
    <subfield code="0">(DHLAUTH)778279</subfield>
  </datafield>
  <datafield tag="991" ind1="1" ind2=" ">
    <subfield code="a">A/65/251</subfield>
    <subfield code="b">45</subfield>
    <subfield code="c">Question of the Falkland Islands (Malvinas).</subfield>
    <subfield code="d">FALKLAND ISLANDS (MALVINAS) QUESTION</subfield>
    <subfield code="z">I</subfield>
    <subfield code="0">(DHLAUTH)778280</subfield>
  </datafield>
  <datafield tag="991" ind1="1" ind2=" ">
    <subfield code="a">A/65/251</subfield>
    <subfield code="b">46</subfield>
    <subfield code="c">The situation of democracy and human rights in Haiti.</subfield>
    <subfield code="d">HAITI--POLITICAL CONDITIONS</subfield>
    <subfield code="z">I</subfield>
    <subfield code="0">(DHLAUTH)778281</subfield>
  </datafield>
  <datafield tag="991" ind1="1" ind2=" ">
    <subfield code="a">A/65/251</subfield>
    <subfield code="b">47</subfield>
    <subfield code="c">Armed Israeli aggression against the Iraqi nuclear installations and its grave consequences for the established international system concerning the peaceful uses of nuclear energy, the non-proliferation of nuclear weapons and international peace and security.</subfield>
    <subfield code="d">IRAQ--ISRAEL</subfield>
    <subfield code="z">I</subfield>
    <subfield code="0">(DHLAUTH)778282</subfield>
  </datafield>
  <datafield tag="991" ind1="1" ind2=" ">
    <subfield code="a">A/65/251</subfield>
    <subfield code="b">48</subfield>
    <subfield code="c">Consequences of the Iraqi occupation of and aggression against Kuwait.</subfield>
    <subfield code="d">IRAQ-KUWAIT SITUATION</subfield>
    <subfield code="z">I</subfield>
    <subfield code="0">(DHLAUTH)778283</subfield>
  </datafield>
  <datafield tag="991" ind1="1" ind2=" ">
    <subfield code="a">A/65/251</subfield>
    <subfield code="b">112a</subfield>
    <subfield code="c">Election of 7 members of the Committee for Programme and Coordination.</subfield>
    <subfield code="d">UN. COMMITTEE FOR PROGRAMME AND COORDINATION--MEMBERS</subfield>
    <subfield code="e">At the 118th meeting, France was elected as a member of the Committee on Programme and Coordination for a term of office beginning on 12 Sept. 2011 and ending on 31 Dec. 2012: decision 65/404 B</subfield>
    <subfield code="z">I</subfield>
    <subfield code="0">(DHLAUTH)779102</subfield>
  </datafield>
  <datafield tag="991" ind1="1" ind2=" ">
    <subfield code="a">A/65/251</subfield>
    <subfield code="b">118</subfield>
    <subfield code="c">Revitalization of the work of the General Assembly</subfield>
    <subfield code="d">UN. GENERAL ASSEMBLY--WORK PROGRAMME</subfield>
    <subfield code="e">At the 118th meeting, draft resolution in A/65/909 entitled "Revitalization of the work of the General Assembly" was adopted without vote: resolution 65/315</subfield>
    <subfield code="z">I</subfield>
    <subfield code="0">(DHLAUTH)779140</subfield>
  </datafield>
  <datafield tag="991" ind1="1" ind2=" ">
    <subfield code="a">A/65/251</subfield>
    <subfield code="b">119</subfield>
    <subfield code="c">Question of equitable representation on and increase in the membership of the Security Council and related matters.</subfield>
    <subfield code="d">UN. SECURITY COUNCIL--MEMBERSHIP</subfield>
    <subfield code="e">At the 118th meeting, the Assembly decided the following: to continue intergovernmental negotiations on Security Council reform in informal plenary of the Assembly at its 66th session, to convene the Open-ended Working Group on the Question of the Equitable Representation of the Security Council during the 66th session of the Assembly, and to include in the agenda of the 66th session of the Assembly an item entitled "Question of equitable representation on and increase in the membership of the Security Council and other related matters related to the Security Council": decision 65/554</subfield>
    <subfield code="z">I</subfield>
    <subfield code="0">(DHLAUTH)779141</subfield>
  </datafield>
  <datafield tag="991" ind1="1" ind2=" ">
    <subfield code="a">A/65/251</subfield>
    <subfield code="b">122t</subfield>
    <subfield code="c">Cooperation between the United Nations and the Pacific Islands Forum.</subfield>
    <subfield code="d">PACIFIC ISLANDS FORUM--UN</subfield>
    <subfield code="e">At the 118th meeting, draft resolution A/65/L.90 was adopted without vote: resolution 65/316</subfield>
    <subfield code="z">I</subfield>
    <subfield code="0">(DHLAUTH)779170</subfield>
  </datafield>
  <datafield tag="991" ind1="1" ind2=" ">
    <subfield code="a">A/65/251</subfield>
    <subfield code="b">123</subfield>
    <subfield code="c">Follow-up to the recommendations on administrative management and internal oversight of the Independent Inquiry Committee into the United Nations Oil-for-Food Programme.</subfield>
    <subfield code="d">INDEPENDENT INQUIRY COMMITTEE INTO THE UNITED NATIONS OIL-FOR-FOOD PROGRAMME</subfield>
    <subfield code="e">At the 118 meeting, the Assembly decided to defer consideration of the item entitled "Follow-up to the recommendations on administrative management and internal oversight of the Independent Inquiry Committee into the United Nations Oil-for-Food Programme" and to include the item in the provisional agenda of the 66th session: decision 65/555</subfield>
    <subfield code="z">I</subfield>
    <subfield code="0">(DHLAUTH)779175</subfield>
  </datafield>
  <datafield tag="991" ind1="1" ind2=" ">
    <subfield code="a">A/65/251</subfield>
    <subfield code="b">149</subfield>
    <subfield code="c">Financing of the United Nations Mission in East Timor.</subfield>
    <subfield code="d">UN MISSION IN EAST TIMOR--FINANCING</subfield>
    <subfield code="e">At the 118 meeting, the Assembly decided to defer consideration of the item entitled "Financing of the United Nations Mission in East Timor" and to include the item in the provisional agenda of the 66th session: decision 65/556</subfield>
    <subfield code="z">I</subfield>
    <subfield code="0">(DHLAUTH)779264</subfield>
  </datafield>
  <datafield tag="992" ind1=" " ind2=" ">
    <subfield code="a">20110912</subfield>
  </datafield>
  <datafield tag="998" ind1=" " ind2=" ">
    <subfield code="a">20120802054300</subfield>
    <subfield code="b">vwcat2</subfield>
    <subfield code="c">20170524053100</subfield>
    <subfield code="d">vwcat2</subfield>
  </datafield>
  <datafield tag="999" ind1=" " ind2=" ">
    <subfield code="a">jmc20120802</subfield>
    <subfield code="b">20120802</subfield>
    <subfield code="c">c</subfield>
  </datafield>
  <datafield tag="999" ind1=" " ind2=" ">
    <subfield code="a">vwt20120208</subfield>
    <subfield code="b">20120208</subfield>
    <subfield code="c">t</subfield>
  </datafield>
  <datafield tag="999" ind1=" " ind2=" ">
    <subfield code="a">vwu20120210</subfield>
    <subfield code="b">20120210</subfield>
    <subfield code="c">u</subfield>
  </datafield>
  <datafield tag="999" ind1=" " ind2=" ">
    <subfield code="a">vwu20120213</subfield>
    <subfield code="b">20120213</subfield>
    <subfield code="c">u</subfield>
  </datafield>
  <datafield tag="999" ind1=" " ind2=" ">
    <subfield code="a">slr20120803</subfield>
    <subfield code="b">20120803</subfield>
    <subfield code="c">r</subfield>
  </datafield>
  <datafield tag="999" ind1=" " ind2=" ">
    <subfield code="a">krq20120802</subfield>
    <subfield code="b">20120802</subfield>
    <subfield code="c">q</subfield>
  </datafield>
  <datafield tag="999" ind1=" " ind2=" ">
    <subfield code="a">vwu20120802</subfield>
    <subfield code="b">20120802</subfield>
    <subfield code="c">u</subfield>
  </datafield>
</record>