
    <record>
        <controlfield tag="001">712667</controlfield>
        <controlfield tag="000">00000nam\\2200025#a\4500</controlfield>
        <controlfield tag="005">20170412220927.0</controlfield>
        <controlfield tag="008">111013s2011\\\\usa\\\\#r\\\\\|||1|\eng\d</controlfield>
        <datafield tag="022" ind1=" " ind2=" ">
            <subfield code="a">0255-1535</subfield>
        </datafield>
        <datafield tag="029" ind1=" " ind2=" ">
            <subfield code="a">JN</subfield>
            <subfield code="b">N1150460 E</subfield>
        </datafield>
        <datafield tag="035" ind1=" " ind2=" ">
            <subfield code="a">D0383203</subfield>
        </datafield>
        <datafield tag="035" ind1=" " ind2=" ">
            <subfield code="a">(DHL)957494</subfield>
        </datafield>
        <datafield tag="039" ind1=" " ind2=" ">
            <subfield code="a">DHU</subfield>
        </datafield>
        <datafield tag="040" ind1=" " ind2=" ">
            <subfield code="a">NNUN</subfield>
            <subfield code="b">eng</subfield>
        </datafield>
        <datafield tag="041" ind1=" " ind2=" ">
            <subfield code="a">arachiengfrerusspa</subfield>
        </datafield>
        <datafield tag="049" ind1=" " ind2=" ">
            <subfield code="a">usa</subfield>
        </datafield>
        <datafield tag="089" ind1=" " ind2=" ">
            <subfield code="b">B04</subfield>
        </datafield>
        <datafield tag="089" ind1=" " ind2=" ">
            <subfield code="b">B02</subfield>
        </datafield>
        <datafield tag="089" ind1=" " ind2=" ">
            <subfield code="b">A17</subfield>
        </datafield>
        <datafield tag="091" ind1=" " ind2=" ">
            <subfield code="a">GEN</subfield>
        </datafield>
        <datafield tag="099" ind1=" " ind2=" ">
            <subfield code="a">UNH</subfield>
            <subfield code="b">DHU</subfield>
            <subfield code="c">A(01)/R3</subfield>
            <subfield code="q">A01R3</subfield>
        </datafield>
        <datafield tag="191" ind1=" " ind2=" ">
            <subfield code="0">1228994</subfield>
            <subfield code="9">G00</subfield>
            <subfield code="a">A/66/32</subfield>
            <subfield code="b">A/</subfield>
            <subfield code="c">66</subfield>
            <subfield code="q">A6632</subfield>
            <subfield code="r">A66</subfield>
        </datafield>
        <datafield tag="245" ind1="1" ind2="0">
            <subfield code="a">Report of the Committee on Conferences for 2011</subfield>
        </datafield>
        <datafield tag="260" ind1=" " ind2=" ">
            <subfield code="a">New York :</subfield>
            <subfield code="b">UN,</subfield>
            <subfield code="c">2011</subfield>
        </datafield>
        <datafield tag="269" ind1=" " ind2=" ">
            <subfield code="a">2011</subfield>
        </datafield>
        <datafield tag="300" ind1=" " ind2=" ">
            <subfield code="a">iv, 96 p. :</subfield>
            <subfield code="b">tables</subfield>
        </datafield>
        <datafield tag="495" ind1=" " ind2=" ">
            <subfield code="a">GAOR, 66th sess., Suppl. no. 32</subfield>
        </datafield>
        <datafield tag="500" ind1=" " ind2=" ">
            <subfield code="a">Annexes (p. 21-96): 1. Draft resolution -- 2. Draft calendar of conferences and meetings of the United Nations and of the principal organs of the specialized agencies, the International Atomic Energy Agency and treaty bodies established under the auspices of the United Nations for 2011 and 2013.</subfield>
        </datafield>
        <datafield tag="610" ind1="2" ind2="7">
            <subfield code="0">1233219</subfield>
            <subfield code="2">unbisn</subfield>
            <subfield code="a">UN. Committee on Conferences (2011 : New York)</subfield>
        </datafield>
        <datafield tag="610" ind1="2" ind2="7">
            <subfield code="0">1235415</subfield>
            <subfield code="2">unbisn</subfield>
            <subfield code="a">UN. Committee on Conferences (2011 : New York)</subfield>
            <subfield code="g">Work organization</subfield>
        </datafield>
        <datafield tag="610" ind1="2" ind2="7">
            <subfield code="0">1235416</subfield>
            <subfield code="2">unbisn</subfield>
            <subfield code="a">UN. Committee on Conferences (2011 : New York)</subfield>
            <subfield code="g">Members</subfield>
        </datafield>
        <datafield tag="610" ind1="2" ind2="7">
            <subfield code="0">1235417</subfield>
            <subfield code="2">unbisn</subfield>
            <subfield code="a">UN. Committee on Conferences (2011 : New York)</subfield>
            <subfield code="g">Officers</subfield>
        </datafield>
        <datafield tag="610" ind1="2" ind2="7">
            <subfield code="0">1235418</subfield>
            <subfield code="2">unbisn</subfield>
            <subfield code="a">UN</subfield>
            <subfield code="g">Calendar of meetings (2012)</subfield>
        </datafield>
        <datafield tag="610" ind1="2" ind2="7">
            <subfield code="0">1235419</subfield>
            <subfield code="2">unbisn</subfield>
            <subfield code="a">UN</subfield>
            <subfield code="g">Calendar of meetings (2013)</subfield>
        </datafield>
        <datafield tag="610" ind1="2" ind2="7">
            <subfield code="0">1235420</subfield>
            <subfield code="2">unbisn</subfield>
            <subfield code="a">UN System</subfield>
            <subfield code="g">Calendar of meetings (2012)</subfield>
        </datafield>
        <datafield tag="610" ind1="2" ind2="7">
            <subfield code="0">1235421</subfield>
            <subfield code="2">unbisn</subfield>
            <subfield code="a">UN System</subfield>
            <subfield code="g">Calendar of meetings (2013)</subfield>
        </datafield>
        <datafield tag="610" ind1="2" ind2="7">
            <subfield code="0">882418</subfield>
            <subfield code="2">unbisn</subfield>
            <subfield code="a">UN Headquarters</subfield>
        </datafield>
        <datafield tag="610" ind1="2" ind2="7">
            <subfield code="0">865232</subfield>
            <subfield code="2">unbisn</subfield>
            <subfield code="a">IAEA</subfield>
        </datafield>
        <datafield tag="610" ind1="2" ind2="7">
            <subfield code="0">1151752</subfield>
            <subfield code="2">unbisn</subfield>
            <subfield code="a">UN Capital Master Plan</subfield>
        </datafield>
        <datafield tag="650" ind1="1" ind2="7">
            <subfield code="0">1282529</subfield>
            <subfield code="2">unbist</subfield>
            <subfield code="a">CONFERENCE AND MEETING SERVICES</subfield>
        </datafield>
        <datafield tag="650" ind1="1" ind2="7">
            <subfield code="0">1283253</subfield>
            <subfield code="2">unbist</subfield>
            <subfield code="a">CONFERENCE FACILITIES</subfield>
        </datafield>
        <datafield tag="650" ind1="1" ind2="7">
            <subfield code="0">1281648</subfield>
            <subfield code="2">unbist</subfield>
            <subfield code="a">DOCUMENTATION</subfield>
        </datafield>
        <datafield tag="650" ind1="1" ind2="7">
            <subfield code="0">1282578</subfield>
            <subfield code="2">unbist</subfield>
            <subfield code="a">PUBLICATIONS</subfield>
        </datafield>
        <datafield tag="650" ind1="1" ind2="7">
            <subfield code="0">1281450</subfield>
            <subfield code="2">unbist</subfield>
            <subfield code="a">TRANSLATION</subfield>
        </datafield>
        <datafield tag="650" ind1="1" ind2="7">
            <subfield code="0">1281368</subfield>
            <subfield code="2">unbist</subfield>
            <subfield code="a">INTERPRETING</subfield>
        </datafield>
        <datafield tag="650" ind1="2" ind2="7">
            <subfield code="0">1281378</subfield>
            <subfield code="2">unbist</subfield>
            <subfield code="a">LANGUAGE SERVICES</subfield>
        </datafield>
        <datafield tag="650" ind1="2" ind2="7">
            <subfield code="0">1281649</subfield>
            <subfield code="2">unbist</subfield>
            <subfield code="a">DOCUMENTS</subfield>
        </datafield>
        <datafield tag="710" ind1="2" ind2=" ">
            <subfield code="0">1233219</subfield>
            <subfield code="a">UN. Committee on Conferences (2011 : New York)</subfield>
        </datafield>
        <datafield tag="830" ind1=" " ind2=" ">
            <subfield code="0">1276173</subfield>
            <subfield code="a">Report of the Committee on Conferences</subfield>
        </datafield>
        <datafield tag="830" ind1=" " ind2=" ">
            <subfield code="0">1275447</subfield>
            <subfield code="a">General Assembly. Official Records. Supplement</subfield>
        </datafield>
        <datafield tag="856" ind1="4" ind2=" ">
            <subfield code="s">1299139</subfield>
            <subfield code="u">http://digitallibrary.un.org/record/712667/files/A_66_32-AR.pdf</subfield>
            <subfield code="y">العربية</subfield>
        </datafield>
        <datafield tag="856" ind1="4" ind2=" ">
            <subfield code="s">977479</subfield>
            <subfield code="u">http://digitallibrary.un.org/record/712667/files/A_66_32-ZH.pdf</subfield>
            <subfield code="y">中文</subfield>
        </datafield>
        <datafield tag="856" ind1="4" ind2=" ">
            <subfield code="s">364924</subfield>
            <subfield code="u">http://digitallibrary.un.org/record/712667/files/A_66_32-EN.pdf</subfield>
            <subfield code="y">English</subfield>
        </datafield>
        <datafield tag="856" ind1="4" ind2=" ">
            <subfield code="s">422944</subfield>
            <subfield code="u">http://digitallibrary.un.org/record/712667/files/A_66_32-FR.pdf</subfield>
            <subfield code="y">Français</subfield>
        </datafield>
        <datafield tag="856" ind1="4" ind2=" ">
            <subfield code="s">1033019</subfield>
            <subfield code="u">http://digitallibrary.un.org/record/712667/files/A_66_32-RU.pdf</subfield>
            <subfield code="y">Русский</subfield>
        </datafield>
        <datafield tag="856" ind1="4" ind2=" ">
            <subfield code="s">405863</subfield>
            <subfield code="u">http://digitallibrary.un.org/record/712667/files/A_66_32-ES.pdf</subfield>
            <subfield code="y">Español</subfield>
        </datafield>
        <datafield tag="930" ind1=" " ind2=" ">
            <subfield code="a">UNDOC11</subfield>
        </datafield>
        <datafield tag="949" ind1=" " ind2=" ">
            <subfield code="9">A(01)/R3</subfield>
            <subfield code="b">1810722.2.1</subfield>
            <subfield code="c">c. 1</subfield>
            <subfield code="d">20111012200000</subfield>
            <subfield code="i">1810722</subfield>
            <subfield code="k">uncs</subfield>
            <subfield code="l">DHL</subfield>
            <subfield code="m">14day</subfield>
            <subfield code="z">t</subfield>
        </datafield>
        <datafield tag="949" ind1=" " ind2=" ">
            <subfield code="9">A(01)/R3</subfield>
            <subfield code="b">1810721.1.1</subfield>
            <subfield code="c">c. 1</subfield>
            <subfield code="d">20111012200000</subfield>
            <subfield code="i">1810721</subfield>
            <subfield code="k">unas</subfield>
            <subfield code="l">DHL</subfield>
            <subfield code="m">14day</subfield>
            <subfield code="z">t</subfield>
        </datafield>
        <datafield tag="949" ind1=" " ind2=" ">
            <subfield code="9">A(01)/R3</subfield>
            <subfield code="b">1810724.4.1</subfield>
            <subfield code="c">c. 1</subfield>
            <subfield code="d">20111012200000</subfield>
            <subfield code="i">1810724</subfield>
            <subfield code="k">unrs</subfield>
            <subfield code="l">DHL</subfield>
            <subfield code="m">14day</subfield>
            <subfield code="z">t</subfield>
        </datafield>
        <datafield tag="949" ind1=" " ind2=" ">
            <subfield code="9">A(01)/R3</subfield>
            <subfield code="b">1810723.3.1</subfield>
            <subfield code="c">c. 1</subfield>
            <subfield code="d">20111012200000</subfield>
            <subfield code="i">1810723</subfield>
            <subfield code="k">unfs</subfield>
            <subfield code="l">DHL</subfield>
            <subfield code="m">14day</subfield>
            <subfield code="z">t</subfield>
        </datafield>
        <datafield tag="949" ind1=" " ind2=" ">
            <subfield code="9">A(01)/R3</subfield>
            <subfield code="b">10000000957494</subfield>
            <subfield code="c">c. 1</subfield>
            <subfield code="d">20111012200000</subfield>
            <subfield code="i">1810720</subfield>
            <subfield code="k">unes</subfield>
            <subfield code="l">DHL</subfield>
            <subfield code="m">14day</subfield>
            <subfield code="z">t</subfield>
        </datafield>
        <datafield tag="980" ind1=" " ind2=" ">
            <subfield code="a">BIB</subfield>
        </datafield>
        <datafield tag="989" ind1=" " ind2=" ">
            <subfield code="a">Documents and Publications</subfield>
            <subfield code="b">Reports</subfield>
            <subfield code="c">Annual and Sessional Reports</subfield>
        </datafield>
        <datafield tag="989" ind1=" " ind2=" ">
            <subfield code="a">Documents and Publications</subfield>
            <subfield code="b">Publications</subfield>
        </datafield>
        <datafield tag="989" ind1=" " ind2=" ">
            <subfield code="a">Documents and Publications</subfield>
            <subfield code="b">Draft Resolutions and Decisions</subfield>
        </datafield>
        <datafield tag="991" ind1="1" ind2=" ">
            <subfield code="0">1230858</subfield>
            <subfield code="a">A/66/251</subfield>
            <subfield code="b">137</subfield>
            <subfield code="c">Pattern of conferences.</subfield>
            <subfield code="d">UN--CALENDAR OF MEETINGS (2011-2012)</subfield>
            <subfield code="z">I</subfield>
        </datafield>
        <datafield tag="998" ind1=" " ind2=" ">
            <subfield code="a">20111013054000</subfield>
            <subfield code="b">kroy</subfield>
            <subfield code="c">20170130062900</subfield>
            <subfield code="d">pacat</subfield>
        </datafield>
        <datafield tag="999" ind1=" " ind2=" ">
            <subfield code="a">krq20111013</subfield>
            <subfield code="b">20111013</subfield>
            <subfield code="c">q</subfield>
        </datafield>
        <datafield tag="999" ind1=" " ind2=" ">
            <subfield code="a">slr20111013</subfield>
            <subfield code="b">20111013</subfield>
            <subfield code="c">r</subfield>
        </datafield>
        <datafield tag="999" ind1=" " ind2=" ">
            <subfield code="a">mhc20111013</subfield>
            <subfield code="b">20111013</subfield>
            <subfield code="c">c</subfield>
        </datafield>
        <datafield tag="999" ind1=" " ind2=" ">
            <subfield code="a">vwt20111019</subfield>
            <subfield code="b">20111019</subfield>
            <subfield code="c">t</subfield>
        </datafield>
        <datafield tag="999" ind1=" " ind2=" ">
            <subfield code="a">pau20170130</subfield>
            <subfield code="b">20170130</subfield>
            <subfield code="c">u</subfield>
        </datafield>
    </record>