

    
    <record>
        <controlfield tag="001">712170</controlfield>
        <controlfield tag="000">00000nam\\2200025#a\4500</controlfield>
        <controlfield tag="005">20170412211732.0</controlfield>
        <controlfield tag="008">111006s2011\\\\che\\\\#r\\\\\|||1|\eng\d</controlfield>
        <datafield tag="020" ind1=" " ind2=" ">
            <subfield code="a">9789218802170 (print ed.)</subfield>
        </datafield>
        <datafield tag="020" ind1=" " ind2=" ">
            <subfield code="a">9789210550208 (electronic ed.)</subfield>
        </datafield>
        <datafield tag="022" ind1=" " ind2=" ">
            <subfield code="a">0251-1997</subfield>
        </datafield>
        <datafield tag="029" ind1=" " ind2=" ">
            <subfield code="a">JN</subfield>
            <subfield code="b">G1123618 E</subfield>
        </datafield>
        <datafield tag="035" ind1=" " ind2=" ">
            <subfield code="a">D0382904</subfield>
        </datafield>
        <datafield tag="035" ind1=" " ind2=" ">
            <subfield code="a">(DHL)956896</subfield>
        </datafield>
        <datafield tag="039" ind1=" " ind2=" ">
            <subfield code="a">DHU</subfield>
        </datafield>
        <datafield tag="040" ind1=" " ind2=" ">
            <subfield code="a">NNUN</subfield>
            <subfield code="b">eng</subfield>
        </datafield>
        <datafield tag="041" ind1=" " ind2=" ">
            <subfield code="a">engfrerus</subfield>
        </datafield>
        <datafield tag="049" ind1=" " ind2=" ">
            <subfield code="a">che</subfield>
        </datafield>
        <datafield tag="079" ind1=" " ind2=" ">
            <subfield code="a">EOR 2011 Supp. 17</subfield>
            <subfield code="q">EOR2011SUPP17</subfield>
        </datafield>
        <datafield tag="089" ind1=" " ind2=" ">
            <subfield code="b">B04</subfield>
        </datafield>
        <datafield tag="089" ind1=" " ind2=" ">
            <subfield code="b">A03</subfield>
        </datafield>
        <datafield tag="091" ind1=" " ind2=" ">
            <subfield code="a">GEN</subfield>
        </datafield>
        <datafield tag="099" ind1=" " ind2=" ">
            <subfield code="a">UNH</subfield>
            <subfield code="b">DHU</subfield>
            <subfield code="c">E(01)/R3</subfield>
            <subfield code="q">E01R3</subfield>
        </datafield>
        <datafield tag="191" ind1=" " ind2=" ">
            <subfield code="0">1228995</subfield>
            <subfield code="9">C00</subfield>
            <subfield code="a">E/2011/37</subfield>
            <subfield code="b">E/</subfield>
            <subfield code="c">2011-S</subfield>
            <subfield code="q">E201137</subfield>
            <subfield code="r">E2011S</subfield>
        </datafield>
        <datafield tag="191" ind1=" " ind2=" ">
            <subfield code="0">1235057</subfield>
            <subfield code="a">E/ECE/1462</subfield>
            <subfield code="b">E/ECE/</subfield>
            <subfield code="c">64</subfield>
            <subfield code="q">EECE1462</subfield>
            <subfield code="r">EECE64</subfield>
        </datafield>
        <datafield tag="245" ind1="1" ind2="0">
            <subfield code="a">Economic Commission for Europe :</subfield>
            <subfield code="b">biennial report, 1 April 2009-31 March 2011</subfield>
        </datafield>
        <datafield tag="260" ind1=" " ind2=" ">
            <subfield code="a">New York ;</subfield>
            <subfield code="a">Geneva :</subfield>
            <subfield code="b">UN,</subfield>
            <subfield code="c">2011</subfield>
        </datafield>
        <datafield tag="269" ind1=" " ind2=" ">
            <subfield code="a">2011</subfield>
        </datafield>
        <datafield tag="300" ind1=" " ind2=" ">
            <subfield code="a">iv, 54 p.</subfield>
        </datafield>
        <datafield tag="495" ind1=" " ind2=" ">
            <subfield code="a">ESCOR, 2011, Suppl. no. 17</subfield>
        </datafield>
        <datafield tag="500" ind1=" " ind2=" ">
            <subfield code="a">Annexes (p. 14-54): 1. Discussions held under agenda items 2 and 3 -- 2. List of meetings of the Commission, its subsidiary bodies and conventions administered by the UNECE Secretariat between 1 April 2009 and 31 March 2011 -- 3. Publications and documents issued by the Commission.</subfield>
        </datafield>
        <datafield tag="610" ind1="2" ind2="7">
            <subfield code="0">1235499</subfield>
            <subfield code="2">unbisn</subfield>
            <subfield code="a">UN. ECE</subfield>
            <subfield code="g">Activities (2009-2011)</subfield>
        </datafield>
        <datafield tag="610" ind1="2" ind2="7">
            <subfield code="0">1235244</subfield>
            <subfield code="2">unbisn</subfield>
            <subfield code="a">UN. ECE (64th sess. : 2011 : Geneva)</subfield>
        </datafield>
        <datafield tag="610" ind1="2" ind2="7">
            <subfield code="0">1255206</subfield>
            <subfield code="2">unbisn</subfield>
            <subfield code="a">UN. ECE</subfield>
            <subfield code="g">Calendar of meetings (2009-2011)</subfield>
        </datafield>
        <datafield tag="650" ind1="1" ind2="7">
            <subfield code="0">1278403</subfield>
            <subfield code="2">unbist</subfield>
            <subfield code="a">ECONOMIC COOPERATION</subfield>
        </datafield>
        <datafield tag="650" ind1="1" ind2="7">
            <subfield code="0">1278419</subfield>
            <subfield code="2">unbist</subfield>
            <subfield code="a">REGIONAL COOPERATION</subfield>
        </datafield>
        <datafield tag="650" ind1="1" ind2="7">
            <subfield code="0">1278351</subfield>
            <subfield code="2">unbist</subfield>
            <subfield code="a">ECONOMIC INTEGRATION</subfield>
        </datafield>
        <datafield tag="650" ind1="2" ind2="7">
            <subfield code="0">1278405</subfield>
            <subfield code="2">unbist</subfield>
            <subfield code="a">ECONOMIC DEVELOPMENT</subfield>
        </datafield>
        <datafield tag="650" ind1="2" ind2="7">
            <subfield code="0">1281939</subfield>
            <subfield code="2">unbist</subfield>
            <subfield code="a">CLIMATE CHANGE</subfield>
        </datafield>
        <datafield tag="650" ind1="2" ind2="7">
            <subfield code="0">1278756</subfield>
            <subfield code="2">unbist</subfield>
            <subfield code="a">ENVIRONMENTAL POLICY</subfield>
        </datafield>
        <datafield tag="650" ind1="2" ind2="7">
            <subfield code="0">1282590</subfield>
            <subfield code="2">unbist</subfield>
            <subfield code="a">SUBSIDIARY BODIES</subfield>
        </datafield>
        <datafield tag="650" ind1="2" ind2="7">
            <subfield code="0">1282578</subfield>
            <subfield code="2">unbist</subfield>
            <subfield code="a">PUBLICATIONS</subfield>
        </datafield>
        <datafield tag="650" ind1="2" ind2="7">
            <subfield code="0">1281649</subfield>
            <subfield code="2">unbist</subfield>
            <subfield code="a">DOCUMENTS</subfield>
        </datafield>
        <datafield tag="651" ind1="1" ind2="7">
            <subfield code="0">1282228</subfield>
            <subfield code="2">unbist</subfield>
            <subfield code="a">EUROPE</subfield>
        </datafield>
        <datafield tag="710" ind1="2" ind2=" ">
            <subfield code="0">1235244</subfield>
            <subfield code="a">UN. ECE (64th sess. : 2011 : Geneva)</subfield>
        </datafield>
        <datafield tag="830" ind1=" " ind2=" ">
            <subfield code="0">1275403</subfield>
            <subfield code="a">Economic and Social Council. Official Records. Supplement</subfield>
        </datafield>
        <datafield tag="830" ind1=" " ind2=" ">
            <subfield code="0">1275619</subfield>
            <subfield code="a">Report of the Economic Commission for Europe</subfield>
        </datafield>
        <datafield tag="856" ind1="4" ind2=" ">
            <subfield code="s">321316</subfield>
            <subfield code="u">http://digitallibrary.un.org/record/712170/files/E_2011_37_E_ECE_1462-EN.pdf</subfield>
            <subfield code="y">English</subfield>
        </datafield>
        <datafield tag="856" ind1="4" ind2=" ">
            <subfield code="s">358772</subfield>
            <subfield code="u">http://digitallibrary.un.org/record/712170/files/E_2011_37_E_ECE_1462-FR.pdf</subfield>
            <subfield code="y">Français</subfield>
        </datafield>
        <datafield tag="856" ind1="4" ind2=" ">
            <subfield code="s">530835</subfield>
            <subfield code="u">http://digitallibrary.un.org/record/712170/files/E_2011_37_E_ECE_1462-RU.pdf</subfield>
            <subfield code="y">Русский</subfield>
        </datafield>
        <datafield tag="930" ind1=" " ind2=" ">
            <subfield code="a">UNDOC11</subfield>
        </datafield>
        <datafield tag="949" ind1=" " ind2=" ">
            <subfield code="9">E(01)/R3</subfield>
            <subfield code="b">1836031.1.1</subfield>
            <subfield code="c">c. 1</subfield>
            <subfield code="d">20120202190000</subfield>
            <subfield code="i">1836031</subfield>
            <subfield code="k">unrs</subfield>
            <subfield code="l">DHL</subfield>
            <subfield code="m">14day</subfield>
            <subfield code="z">t</subfield>
        </datafield>
        <datafield tag="949" ind1=" " ind2=" ">
            <subfield code="9">E(01)/R3</subfield>
            <subfield code="b">10000000956896</subfield>
            <subfield code="c">c. 1</subfield>
            <subfield code="d">20111005200000</subfield>
            <subfield code="i">1808895</subfield>
            <subfield code="k">unes</subfield>
            <subfield code="l">DHL</subfield>
            <subfield code="m">14day</subfield>
            <subfield code="z">t</subfield>
        </datafield>
        <datafield tag="949" ind1=" " ind2=" ">
            <subfield code="9">E(01)/R3</subfield>
            <subfield code="b">1836052.1.1</subfield>
            <subfield code="c">c. 1</subfield>
            <subfield code="d">20120202190000</subfield>
            <subfield code="i">1836052</subfield>
            <subfield code="k">unfs</subfield>
            <subfield code="l">DHL</subfield>
            <subfield code="m">14day</subfield>
            <subfield code="z">t</subfield>
        </datafield>
        <datafield tag="949" ind1=" " ind2=" ">
            <subfield code="9">E/ECE/1462</subfield>
            <subfield code="b">1808896.1.1</subfield>
            <subfield code="c">c. 1</subfield>
            <subfield code="d">20111005200000</subfield>
            <subfield code="i">1808896</subfield>
            <subfield code="k">unes</subfield>
            <subfield code="l">DHL</subfield>
            <subfield code="m">14day</subfield>
            <subfield code="z">t</subfield>
        </datafield>
        <datafield tag="980" ind1=" " ind2=" ">
            <subfield code="a">BIB</subfield>
        </datafield>
        <datafield tag="989" ind1=" " ind2=" ">
            <subfield code="a">Documents and Publications</subfield>
            <subfield code="b">Reports</subfield>
            <subfield code="c">Annual and Sessional Reports</subfield>
        </datafield>
        <datafield tag="989" ind1=" " ind2=" ">
            <subfield code="a">Documents and Publications</subfield>
            <subfield code="b">Publications</subfield>
        </datafield>
        <datafield tag="991" ind1="2" ind2=" ">
            <subfield code="0">1233000</subfield>
            <subfield code="a">E/2011/100</subfield>
            <subfield code="b">10[3]</subfield>
            <subfield code="d">REGIONAL COOPERATION--EUROPE</subfield>
            <subfield code="z">I</subfield>
        </datafield>
        <datafield tag="998" ind1=" " ind2=" ">
            <subfield code="a">20111006130700</subfield>
            <subfield code="b">mlcat</subfield>
            <subfield code="c">20170131103500</subfield>
            <subfield code="d">tbcat</subfield>
        </datafield>
        <datafield tag="999" ind1=" " ind2=" ">
            <subfield code="a">slr20111018</subfield>
            <subfield code="b">20111018</subfield>
            <subfield code="c">r</subfield>
        </datafield>
        <datafield tag="999" ind1=" " ind2=" ">
            <subfield code="a">kakc20111017</subfield>
            <subfield code="b">20111017</subfield>
            <subfield code="c">c</subfield>
        </datafield>
        <datafield tag="999" ind1=" " ind2=" ">
            <subfield code="a">mleq2011006</subfield>
            <subfield code="b">20111006</subfield>
            <subfield code="c">q</subfield>
        </datafield>
        <datafield tag="999" ind1=" " ind2=" ">
            <subfield code="a">bci20120203</subfield>
            <subfield code="b">20120203</subfield>
            <subfield code="c">i</subfield>
        </datafield>
        <datafield tag="999" ind1=" " ind2=" ">
            <subfield code="a">bci20120203</subfield>
            <subfield code="b">20120203</subfield>
            <subfield code="c">i</subfield>
        </datafield>
        <datafield tag="999" ind1=" " ind2=" ">
            <subfield code="a">vwt20111019</subfield>
            <subfield code="b">20111019</subfield>
            <subfield code="c">t</subfield>
        </datafield>
        <datafield tag="999" ind1=" " ind2=" ">
            <subfield code="a">tbu20170131</subfield>
            <subfield code="b">20170131</subfield>
            <subfield code="c">u</subfield>
        </datafield>
    </record>