

    
    <record>
        <controlfield tag="001">710739</controlfield>
        <controlfield tag="000">00000nam\\2200025#a\4500</controlfield>
        <controlfield tag="005">20170412204503.0</controlfield>
        <controlfield tag="008">110916s2011\\\\usa\\\\#r\\\\\|||1|\eng\d</controlfield>
        <datafield tag="029" ind1=" " ind2=" ">
            <subfield code="a">JN</subfield>
            <subfield code="b">N1137747 E</subfield>
        </datafield>
        <datafield tag="035" ind1=" " ind2=" ">
            <subfield code="a">D0382377</subfield>
        </datafield>
        <datafield tag="035" ind1=" " ind2=" ">
            <subfield code="a">(DHL)955229</subfield>
        </datafield>
        <datafield tag="039" ind1=" " ind2=" ">
            <subfield code="a">DHU</subfield>
        </datafield>
        <datafield tag="040" ind1=" " ind2=" ">
            <subfield code="a">NNUN</subfield>
            <subfield code="b">eng</subfield>
        </datafield>
        <datafield tag="041" ind1=" " ind2=" ">
            <subfield code="a">arachiengfrerusspa</subfield>
        </datafield>
        <datafield tag="049" ind1=" " ind2=" ">
            <subfield code="a">usa</subfield>
        </datafield>
        <datafield tag="089" ind1=" " ind2=" ">
            <subfield code="b">B03</subfield>
        </datafield>
        <datafield tag="089" ind1=" " ind2=" ">
            <subfield code="b">B07</subfield>
        </datafield>
        <datafield tag="091" ind1=" " ind2=" ">
            <subfield code="a">GEN</subfield>
        </datafield>
        <datafield tag="099" ind1=" " ind2=" ">
            <subfield code="a">UNH</subfield>
            <subfield code="b">DHU</subfield>
            <subfield code="c">A(01)/R3</subfield>
            <subfield code="q">A01R3</subfield>
        </datafield>
        <datafield tag="191" ind1=" " ind2=" ">
            <subfield code="0">1221254</subfield>
            <subfield code="9">G88</subfield>
            <subfield code="a">A/65/PV.100</subfield>
            <subfield code="b">A/</subfield>
            <subfield code="c">65</subfield>
            <subfield code="q">A65PV100</subfield>
            <subfield code="r">A65</subfield>
        </datafield>
        <datafield tag="245" ind1="1" ind2="0">
            <subfield code="a">General Assembly official records, 65th session :</subfield>
            <subfield code="b">100th plenary meeting, Friday, 17 June 2011, New York</subfield>
        </datafield>
        <datafield tag="260" ind1=" " ind2=" ">
            <subfield code="a">[New York] :</subfield>
            <subfield code="b">UN,</subfield>
            <subfield code="c">[2011]</subfield>
        </datafield>
        <datafield tag="269" ind1=" " ind2=" ">
            <subfield code="a">2011</subfield>
        </datafield>
        <datafield tag="300" ind1=" " ind2=" ">
            <subfield code="a">25 p.</subfield>
        </datafield>
        <datafield tag="495" ind1=" " ind2=" ">
            <subfield code="a">GAOR, 65th sess., Meeting records</subfield>
        </datafield>
        <datafield tag="610" ind1="2" ind2="7">
            <subfield code="0">1162857</subfield>
            <subfield code="2">unbisn</subfield>
            <subfield code="a">UN. Human Rights Council</subfield>
        </datafield>
        <datafield tag="611" ind1="2" ind2="7">
            <subfield code="0">1192182</subfield>
            <subfield code="2">unbisn</subfield>
            <subfield code="a">UN Conference on the Least Developed Countries (4th : 2011 : Istanbul, Turkey)</subfield>
        </datafield>
        <datafield tag="630" ind1="0" ind2="7">
            <subfield code="0">1232756</subfield>
            <subfield code="2">unbisn</subfield>
            <subfield code="a">Istanbul Declaration (2011)</subfield>
        </datafield>
        <datafield tag="630" ind1="0" ind2="7">
            <subfield code="0">1231593</subfield>
            <subfield code="2">unbisn</subfield>
            <subfield code="a">Programme of Action for the Least Developed Countries for the Decade 2011-2020 (2011)</subfield>
        </datafield>
        <datafield tag="650" ind1="1" ind2="7">
            <subfield code="0">1278384</subfield>
            <subfield code="2">unbist</subfield>
            <subfield code="a">LEAST DEVELOPED COUNTRIES</subfield>
        </datafield>
        <datafield tag="650" ind1="1" ind2="7">
            <subfield code="0">1282982</subfield>
            <subfield code="2">unbist</subfield>
            <subfield code="a">HUMAN RIGHTS ADVANCEMENT</subfield>
        </datafield>
        <datafield tag="650" ind1="1" ind2="7">
            <subfield code="0">1281052</subfield>
            <subfield code="2">unbist</subfield>
            <subfield code="a">HUMAN RIGHTS</subfield>
        </datafield>
        <datafield tag="793" ind1=" " ind2=" ">
            <subfield code="a">PL</subfield>
        </datafield>
        <datafield tag="856" ind1="4" ind2=" ">
            <subfield code="s">386621</subfield>
            <subfield code="u">http://digitallibrary.un.org/record/710739/files/A_65_PV.100-AR.pdf</subfield>
            <subfield code="y">العربية</subfield>
        </datafield>
        <datafield tag="856" ind1="4" ind2=" ">
            <subfield code="s">504682</subfield>
            <subfield code="u">http://digitallibrary.un.org/record/710739/files/A_65_PV.100-ZH.pdf</subfield>
            <subfield code="y">中文</subfield>
        </datafield>
        <datafield tag="856" ind1="4" ind2=" ">
            <subfield code="s">186653</subfield>
            <subfield code="u">http://digitallibrary.un.org/record/710739/files/A_65_PV.100-EN.pdf</subfield>
            <subfield code="y">English</subfield>
        </datafield>
        <datafield tag="856" ind1="4" ind2=" ">
            <subfield code="s">183163</subfield>
            <subfield code="u">http://digitallibrary.un.org/record/710739/files/A_65_PV.100-FR.pdf</subfield>
            <subfield code="y">Français</subfield>
        </datafield>
        <datafield tag="856" ind1="4" ind2=" ">
            <subfield code="s">535413</subfield>
            <subfield code="u">http://digitallibrary.un.org/record/710739/files/A_65_PV.100-RU.pdf</subfield>
            <subfield code="y">Русский</subfield>
        </datafield>
        <datafield tag="856" ind1="4" ind2=" ">
            <subfield code="s">262631</subfield>
            <subfield code="u">http://digitallibrary.un.org/record/710739/files/A_65_PV.100-ES.pdf</subfield>
            <subfield code="y">Español</subfield>
        </datafield>
        <datafield tag="930" ind1=" " ind2=" ">
            <subfield code="a">UNDSE11</subfield>
        </datafield>
        <datafield tag="949" ind1=" " ind2=" ">
            <subfield code="9">A(01)/R3</subfield>
            <subfield code="b">1802284.5.1</subfield>
            <subfield code="c">c. 1</subfield>
            <subfield code="d">20110915200000</subfield>
            <subfield code="i">1802284</subfield>
            <subfield code="k">unss</subfield>
            <subfield code="l">DHL</subfield>
            <subfield code="m">14day</subfield>
            <subfield code="z">t</subfield>
        </datafield>
        <datafield tag="949" ind1=" " ind2=" ">
            <subfield code="9">A(01)/R3</subfield>
            <subfield code="b">1802283.4.1</subfield>
            <subfield code="c">c. 1</subfield>
            <subfield code="d">20110915200000</subfield>
            <subfield code="i">1802283</subfield>
            <subfield code="k">unrs</subfield>
            <subfield code="l">DHL</subfield>
            <subfield code="m">14day</subfield>
            <subfield code="z">t</subfield>
        </datafield>
        <datafield tag="949" ind1=" " ind2=" ">
            <subfield code="9">A(01)/R3</subfield>
            <subfield code="b">10000000955229</subfield>
            <subfield code="c">c. 1</subfield>
            <subfield code="d">20110915200000</subfield>
            <subfield code="i">1802279</subfield>
            <subfield code="k">unas</subfield>
            <subfield code="l">DHL</subfield>
            <subfield code="m">14day</subfield>
            <subfield code="z">t</subfield>
        </datafield>
        <datafield tag="949" ind1=" " ind2=" ">
            <subfield code="9">A(01)/R3</subfield>
            <subfield code="b">1802282.3.1</subfield>
            <subfield code="c">c. 1</subfield>
            <subfield code="d">20110915200000</subfield>
            <subfield code="i">1802282</subfield>
            <subfield code="k">unfs</subfield>
            <subfield code="l">DHL</subfield>
            <subfield code="m">14day</subfield>
            <subfield code="z">t</subfield>
        </datafield>
        <datafield tag="949" ind1=" " ind2=" ">
            <subfield code="9">A(01)/R3</subfield>
            <subfield code="b">1802280.1.1</subfield>
            <subfield code="c">c. 1</subfield>
            <subfield code="d">20110915200000</subfield>
            <subfield code="i">1802280</subfield>
            <subfield code="k">unes</subfield>
            <subfield code="l">DHL</subfield>
            <subfield code="m">14day</subfield>
            <subfield code="z">t</subfield>
        </datafield>
        <datafield tag="949" ind1=" " ind2=" ">
            <subfield code="9">A(01)/R3</subfield>
            <subfield code="b">1802281.2.1</subfield>
            <subfield code="c">c. 1</subfield>
            <subfield code="d">20110915200000</subfield>
            <subfield code="i">1802281</subfield>
            <subfield code="k">uncs</subfield>
            <subfield code="l">DHL</subfield>
            <subfield code="m">14day</subfield>
            <subfield code="z">t</subfield>
        </datafield>
        <datafield tag="980" ind1=" " ind2=" ">
            <subfield code="a">BIB</subfield>
        </datafield>
        <datafield tag="989" ind1=" " ind2=" ">
            <subfield code="a">Documents and Publications</subfield>
            <subfield code="b">Meeting Records</subfield>
            <subfield code="c">Verbatim Records</subfield>
        </datafield>
        <datafield tag="991" ind1="1" ind2=" ">
            <subfield code="0">1221282</subfield>
            <subfield code="a">A/65/251</subfield>
            <subfield code="b">7</subfield>
            <subfield code="c">Organization of work, adoption of the agenda and allocation of items : reports of the General Committee.</subfield>
            <subfield code="d">UN. GENERAL ASSEMBLY (65TH SESS. : 2010-2011)--AGENDA</subfield>
            <subfield code="e">At the 100th meeting, the Assembly decided to reopen consideration of sub-item (a) of agenda item 23 and to consider it directly in plenary meeting: decision 65/503 B</subfield>
            <subfield code="z">I</subfield>
        </datafield>
        <datafield tag="991" ind1="1" ind2=" ">
            <subfield code="0">1221364</subfield>
            <subfield code="a">A/65/251</subfield>
            <subfield code="b">23a</subfield>
            <subfield code="c">Fourth United Nations Conference on the Least Developed Countries.</subfield>
            <subfield code="d">LEAST DEVELOPED COUNTRIES--CONFERENCE (4TH : 2011 : ISTANBUL)</subfield>
            <subfield code="e">At the 100th meeting, draft resolution A/65/L.75 was adopted without vote: resolution 65/280</subfield>
            <subfield code="z">I</subfield>
        </datafield>
        <datafield tag="991" ind1="1" ind2=" ">
            <subfield code="0">1221291</subfield>
            <subfield code="a">A/65/251</subfield>
            <subfield code="b">13</subfield>
            <subfield code="c">Integrated and coordinated implementation of and follow-up to the outcomes of the major United Nations conferences and summits in the economic, social and related fields.</subfield>
            <subfield code="d">UN CONFERENCES--FOLLOW-UP</subfield>
            <subfield code="e">At the 100th meeting, draft resolution A/65/L.78 was adopted (154-4-0): resolution 65/281</subfield>
            <subfield code="z">I</subfield>
        </datafield>
        <datafield tag="991" ind1="1" ind2=" ">
            <subfield code="0">1222005</subfield>
            <subfield code="a">A/65/251</subfield>
            <subfield code="b">115</subfield>
            <subfield code="c">Follow-up to the outcome of the Millennium Summit.</subfield>
            <subfield code="d">MILLENNIUM SUMMIT (2000 : NEW YORK)--FOLLOW-UP</subfield>
            <subfield code="e">At the 100th meeting, draft resolution A/65/L.78 was adopted (154-4-0): resolution 65/281</subfield>
            <subfield code="z">I</subfield>
        </datafield>
        <datafield tag="992" ind1=" " ind2=" ">
            <subfield code="a">20110617</subfield>
        </datafield>
        <datafield tag="998" ind1=" " ind2=" ">
            <subfield code="a">20110916054900</subfield>
            <subfield code="b">mlcat</subfield>
            <subfield code="c">20111129042600</subfield>
            <subfield code="d">vwcat2</subfield>
        </datafield>
        <datafield tag="999" ind1=" " ind2=" ">
            <subfield code="a">kakc20110916</subfield>
            <subfield code="b">20110916</subfield>
            <subfield code="c">c</subfield>
        </datafield>
        <datafield tag="999" ind1=" " ind2=" ">
            <subfield code="a">slr20110919</subfield>
            <subfield code="b">20110919</subfield>
            <subfield code="c">r</subfield>
        </datafield>
        <datafield tag="999" ind1=" " ind2=" ">
            <subfield code="a">mleq20110916</subfield>
            <subfield code="b">20110916</subfield>
            <subfield code="c">q</subfield>
        </datafield>
        <datafield tag="999" ind1=" " ind2=" ">
            <subfield code="a">vwt20110921</subfield>
            <subfield code="b">20110921</subfield>
            <subfield code="c">t</subfield>
        </datafield>
        <datafield tag="999" ind1=" " ind2=" ">
            <subfield code="a">vwu20111129</subfield>
            <subfield code="b">20111129</subfield>
            <subfield code="c">u</subfield>
        </datafield>
    </record>