

    
<record>
  <controlfield tag="000">00000nam\\2200025#a\4500</controlfield>
  <controlfield tag="001">708559</controlfield>
  <controlfield tag="005">20171109112624.0</controlfield>
  <controlfield tag="008">110810s2011\\\\usa\\\\#r\\\\\|||1|\eng\d</controlfield>
  <datafield tag="022" ind1=" " ind2=" ">
    <subfield code="a">0257-0815</subfield>
  </datafield>
  <datafield tag="029" ind1=" " ind2=" ">
    <subfield code="a">JN</subfield>
    <subfield code="b">N1140392 E</subfield>
  </datafield>
  <datafield tag="035" ind1=" " ind2=" ">
    <subfield code="a">D0381657</subfield>
  </datafield>
  <datafield tag="035" ind1=" " ind2=" ">
    <subfield code="a">(DHL)952750</subfield>
  </datafield>
  <datafield tag="039" ind1=" " ind2=" ">
    <subfield code="a">DHU</subfield>
  </datafield>
  <datafield tag="040" ind1=" " ind2=" ">
    <subfield code="a">NNUN</subfield>
    <subfield code="b">eng</subfield>
  </datafield>
  <datafield tag="041" ind1=" " ind2=" ">
    <subfield code="a">arachiengfrerusspa</subfield>
  </datafield>
  <datafield tag="049" ind1=" " ind2=" ">
    <subfield code="a">usa</subfield>
  </datafield>
  <datafield tag="089" ind1=" " ind2=" ">
    <subfield code="b">B04</subfield>
  </datafield>
  <datafield tag="091" ind1=" " ind2=" ">
    <subfield code="a">GEN</subfield>
  </datafield>
  <datafield tag="099" ind1=" " ind2=" ">
    <subfield code="a">UNH</subfield>
    <subfield code="b">DHU</subfield>
    <subfield code="c">A(01)/R3</subfield>
    <subfield code="q">A01R3</subfield>
  </datafield>
  <datafield tag="191" ind1=" " ind2=" ">
    <subfield code="0">1228994</subfield>
    <subfield code="9">G00</subfield>
    <subfield code="a">A/66/5 (Vol. V)</subfield>
    <subfield code="b">A/</subfield>
    <subfield code="c">66</subfield>
    <subfield code="q">A665VOLV</subfield>
    <subfield code="r">A66</subfield>
  </datafield>
  <datafield tag="245" ind1="1" ind2="0">
    <subfield code="a">Report of the Board of Auditors for the year ended 31 December 2010.</subfield>
    <subfield code="n">Volume 5,</subfield>
    <subfield code="p">Capital master plan</subfield>
  </datafield>
  <datafield tag="260" ind1=" " ind2=" ">
    <subfield code="a">New York :</subfield>
    <subfield code="b">UN,</subfield>
    <subfield code="c">2011</subfield>
  </datafield>
  <datafield tag="269" ind1=" " ind2=" ">
    <subfield code="a">2011</subfield>
  </datafield>
  <datafield tag="300" ind1=" " ind2=" ">
    <subfield code="a">iv, 34 p. :</subfield>
    <subfield code="b">graphs, tables</subfield>
  </datafield>
  <datafield tag="495" ind1=" " ind2=" ">
    <subfield code="a">GAOR, 66th sess., Suppl. no. 5</subfield>
  </datafield>
  <datafield tag="500" ind1=" " ind2=" ">
    <subfield code="a">Annexes (p. 29-34): 1. Status of implementation of recommendations for the year ended 31 December 2009 -- 2. Project timetable -- 3. Notable areas of uncertainty within the capital master plan schedule -- 4. Details of the costs of the enhanced security upgrade.</subfield>
  </datafield>
  <datafield tag="610" ind1="2" ind2="7">
    <subfield code="0">1151752</subfield>
    <subfield code="2">unbisn</subfield>
    <subfield code="a">UN Capital Master Plan</subfield>
  </datafield>
  <datafield tag="610" ind1="2" ind2="7">
    <subfield code="0">940456</subfield>
    <subfield code="2">unbisn</subfield>
    <subfield code="a">UN Headquarters</subfield>
    <subfield code="g">Buildings management</subfield>
  </datafield>
  <datafield tag="610" ind1="2" ind2="7">
    <subfield code="0">954564</subfield>
    <subfield code="2">unbisn</subfield>
    <subfield code="a">UN. Board of Auditors</subfield>
    <subfield code="g">Recommendations</subfield>
  </datafield>
  <datafield tag="650" ind1="1" ind2="7">
    <subfield code="0">1280409</subfield>
    <subfield code="2">unbist</subfield>
    <subfield code="a">OFFICE BUILDINGS</subfield>
  </datafield>
  <datafield tag="650" ind1="1" ind2="7">
    <subfield code="0">1279581</subfield>
    <subfield code="2">unbist</subfield>
    <subfield code="a">CONSTRUCTION</subfield>
  </datafield>
  <datafield tag="650" ind1="1" ind2="7">
    <subfield code="0">1284245</subfield>
    <subfield code="2">unbist</subfield>
    <subfield code="a">FINANCIAL MANAGEMENT</subfield>
  </datafield>
  <datafield tag="650" ind1="1" ind2="7">
    <subfield code="0">1282888</subfield>
    <subfield code="2">unbist</subfield>
    <subfield code="a">PURCHASING</subfield>
  </datafield>
  <datafield tag="650" ind1="1" ind2="7">
    <subfield code="0">1282566</subfield>
    <subfield code="2">unbist</subfield>
    <subfield code="a">PROGRAMME MANAGEMENT</subfield>
  </datafield>
  <datafield tag="650" ind1="2" ind2="7">
    <subfield code="0">1283123</subfield>
    <subfield code="2">unbist</subfield>
    <subfield code="a">RISK ASSESSMENT</subfield>
  </datafield>
  <datafield tag="650" ind1="2" ind2="7">
    <subfield code="0">1283464</subfield>
    <subfield code="2">unbist</subfield>
    <subfield code="a">BUILDING SECURITY</subfield>
  </datafield>
  <datafield tag="650" ind1="2" ind2="7">
    <subfield code="0">1279388</subfield>
    <subfield code="2">unbist</subfield>
    <subfield code="a">AUDITING</subfield>
  </datafield>
  <datafield tag="651" ind1="1" ind2="7">
    <subfield code="0">1277301</subfield>
    <subfield code="2">unbist</subfield>
    <subfield code="a">NEW YORK (N.Y.)</subfield>
  </datafield>
  <datafield tag="710" ind1="2" ind2=" ">
    <subfield code="0">871712</subfield>
    <subfield code="a">UN. Board of Auditors</subfield>
  </datafield>
  <datafield tag="830" ind1=" " ind2=" ">
    <subfield code="0">1275695</subfield>
    <subfield code="a">UN Capital Master Plan. Report of the Board of Auditors for the year ended 31 December ...</subfield>
  </datafield>
  <datafield tag="830" ind1=" " ind2=" ">
    <subfield code="0">1275660</subfield>
    <subfield code="a">Financial report and audited financial statements for the year/biennium ended 31 December ... and report of the Board of Auditors</subfield>
  </datafield>
  <datafield tag="830" ind1=" " ind2=" ">
    <subfield code="0">1275447</subfield>
    <subfield code="a">General Assembly. Official Records. Supplement</subfield>
  </datafield>
  <datafield tag="856" ind1="4" ind2=" ">
    <subfield code="s">185578</subfield>
    <subfield code="u">http://digitallibrary.un.org/record/708559/files/A_66_5%20%28Vol.%20V%29-EN.pdf</subfield>
    <subfield code="y">English</subfield>
  </datafield>
  <datafield tag="856" ind1="4" ind2=" ">
    <subfield code="s">304546</subfield>
    <subfield code="u">http://digitallibrary.un.org/record/708559/files/A_66_5%20%28Vol.%20V%29-ES.pdf</subfield>
    <subfield code="y">Español</subfield>
  </datafield>
  <datafield tag="856" ind1="4" ind2=" ">
    <subfield code="s">406444</subfield>
    <subfield code="u">http://digitallibrary.un.org/record/708559/files/A_66_5%20%28Vol.%20V%29-FR.pdf</subfield>
    <subfield code="y">Français</subfield>
  </datafield>
  <datafield tag="856" ind1="4" ind2=" ">
    <subfield code="s">419088</subfield>
    <subfield code="u">http://digitallibrary.un.org/record/708559/files/A_66_5%20%28Vol.%20V%29-ZH.pdf</subfield>
    <subfield code="y">中文</subfield>
  </datafield>
  <datafield tag="856" ind1="4" ind2=" ">
    <subfield code="s">547685</subfield>
    <subfield code="u">http://digitallibrary.un.org/record/708559/files/A_66_5%20%28Vol.%20V%29-AR.pdf</subfield>
    <subfield code="y">العربية</subfield>
  </datafield>
  <datafield tag="856" ind1="4" ind2=" ">
    <subfield code="s">599983</subfield>
    <subfield code="u">http://digitallibrary.un.org/record/708559/files/A_66_5%20%28Vol.%20V%29-RU.pdf</subfield>
    <subfield code="y">Русский</subfield>
  </datafield>
  <datafield tag="930" ind1=" " ind2=" ">
    <subfield code="a">UNDAU11</subfield>
  </datafield>
  <datafield tag="949" ind1=" " ind2=" ">
    <subfield code="9">A(01)/R3</subfield>
    <subfield code="b">1794132.2.1</subfield>
    <subfield code="c">c. 1</subfield>
    <subfield code="d">20110809200000</subfield>
    <subfield code="i">1794132</subfield>
    <subfield code="k">uncs</subfield>
    <subfield code="l">DHL</subfield>
    <subfield code="m">14day</subfield>
    <subfield code="z">t</subfield>
  </datafield>
  <datafield tag="949" ind1=" " ind2=" ">
    <subfield code="9">A(01)/R3</subfield>
    <subfield code="b">1794134.4.1</subfield>
    <subfield code="c">c. 1</subfield>
    <subfield code="d">20110809200000</subfield>
    <subfield code="i">1794134</subfield>
    <subfield code="k">unrs</subfield>
    <subfield code="l">DHL</subfield>
    <subfield code="m">14day</subfield>
    <subfield code="z">t</subfield>
  </datafield>
  <datafield tag="949" ind1=" " ind2=" ">
    <subfield code="9">A(01)/R3</subfield>
    <subfield code="b">1794133.3.1</subfield>
    <subfield code="c">c. 1</subfield>
    <subfield code="d">20110809200000</subfield>
    <subfield code="i">1794133</subfield>
    <subfield code="k">unfs</subfield>
    <subfield code="l">DHL</subfield>
    <subfield code="m">14day</subfield>
    <subfield code="z">t</subfield>
  </datafield>
  <datafield tag="949" ind1=" " ind2=" ">
    <subfield code="9">A(01)/R3</subfield>
    <subfield code="b">10000000952750</subfield>
    <subfield code="c">c. 1</subfield>
    <subfield code="d">20110809200000</subfield>
    <subfield code="i">1794130</subfield>
    <subfield code="k">unes</subfield>
    <subfield code="l">DHL</subfield>
    <subfield code="m">14day</subfield>
    <subfield code="z">t</subfield>
  </datafield>
  <datafield tag="949" ind1=" " ind2=" ">
    <subfield code="9">A(01)/R3</subfield>
    <subfield code="b">1794131.1.1</subfield>
    <subfield code="c">c. 1</subfield>
    <subfield code="d">20110809200000</subfield>
    <subfield code="i">1794131</subfield>
    <subfield code="k">unas</subfield>
    <subfield code="l">DHL</subfield>
    <subfield code="m">14day</subfield>
    <subfield code="z">t</subfield>
  </datafield>
  <datafield tag="949" ind1=" " ind2=" ">
    <subfield code="9">A(01)/R3</subfield>
    <subfield code="b">1794135.5.1</subfield>
    <subfield code="c">c. 1</subfield>
    <subfield code="d">20110809200000</subfield>
    <subfield code="i">1794135</subfield>
    <subfield code="k">unss</subfield>
    <subfield code="l">DHL</subfield>
    <subfield code="m">14day</subfield>
    <subfield code="z">t</subfield>
  </datafield>
  <datafield tag="980" ind1=" " ind2=" ">
    <subfield code="a">BIB</subfield>
  </datafield>
  <datafield tag="989" ind1=" " ind2=" ">
    <subfield code="a">Documents and Publications</subfield>
    <subfield code="b">Reports</subfield>
    <subfield code="c">Annual and Sessional Reports</subfield>
  </datafield>
  <datafield tag="989" ind1=" " ind2=" ">
    <subfield code="a">Documents and Publications</subfield>
    <subfield code="b">Publications</subfield>
  </datafield>
  <datafield tag="991" ind1="1" ind2=" ">
    <subfield code="0">1230852</subfield>
    <subfield code="a">A/66/251</subfield>
    <subfield code="b">131c</subfield>
    <subfield code="c">Capital master plan.</subfield>
    <subfield code="d">UN CAPITAL MASTER PLAN--ACCOUNTS</subfield>
    <subfield code="z">I</subfield>
  </datafield>
  <datafield tag="991" ind1="1" ind2=" ">
    <subfield code="0">1230849</subfield>
    <subfield code="a">A/66/251</subfield>
    <subfield code="b">131</subfield>
    <subfield code="c">Financial reports and audited financial statements, and reports of the Board of Auditors.</subfield>
    <subfield code="d">UN--FINANCIAL REPORTS</subfield>
    <subfield code="z">I</subfield>
  </datafield>
  <datafield tag="998" ind1=" " ind2=" ">
    <subfield code="a">20110810054900</subfield>
    <subfield code="b">pnser</subfield>
    <subfield code="c">20170117071400</subfield>
    <subfield code="d">shkcat</subfield>
  </datafield>
  <datafield tag="999" ind1=" " ind2=" ">
    <subfield code="a">jmc20110810</subfield>
    <subfield code="b">20110810</subfield>
    <subfield code="c">c</subfield>
  </datafield>
  <datafield tag="999" ind1=" " ind2=" ">
    <subfield code="a">pnq20110810</subfield>
    <subfield code="b">20110810</subfield>
    <subfield code="c">q</subfield>
  </datafield>
  <datafield tag="999" ind1=" " ind2=" ">
    <subfield code="a">slr20110812</subfield>
    <subfield code="b">20110812</subfield>
    <subfield code="c">r</subfield>
  </datafield>
  <datafield tag="999" ind1=" " ind2=" ">
    <subfield code="a">vwt20110810</subfield>
    <subfield code="b">20110810</subfield>
    <subfield code="c">t</subfield>
  </datafield>
  <datafield tag="999" ind1=" " ind2=" ">
    <subfield code="a">vwu20121219</subfield>
    <subfield code="b">20121219</subfield>
    <subfield code="c">u</subfield>
  </datafield>
  <datafield tag="999" ind1=" " ind2=" ">
    <subfield code="a">shku20170117</subfield>
    <subfield code="b">20171017</subfield>
    <subfield code="c">u</subfield>
  </datafield>
</record>