

    
<record>
  <controlfield tag="000">00000nam\\2200025#a\4500</controlfield>
  <controlfield tag="001">702580</controlfield>
  <controlfield tag="005">20170612110951.0</controlfield>
  <controlfield tag="008">110506s2011\\\\usa\\\\#r\\\\\|||1|\eng\d</controlfield>
  <datafield tag="029" ind1=" " ind2=" ">
    <subfield code="a">JN</subfield>
    <subfield code="b">N1125399 E</subfield>
  </datafield>
  <datafield tag="035" ind1=" " ind2=" ">
    <subfield code="a">D0380186</subfield>
  </datafield>
  <datafield tag="035" ind1=" " ind2=" ">
    <subfield code="a">(DHL)945970</subfield>
  </datafield>
  <datafield tag="039" ind1=" " ind2=" ">
    <subfield code="a">DHU</subfield>
  </datafield>
  <datafield tag="040" ind1=" " ind2=" ">
    <subfield code="a">NNUN</subfield>
    <subfield code="b">eng</subfield>
  </datafield>
  <datafield tag="041" ind1=" " ind2=" ">
    <subfield code="a">arachiengfrerusspa</subfield>
  </datafield>
  <datafield tag="049" ind1=" " ind2=" ">
    <subfield code="a">usa</subfield>
  </datafield>
  <datafield tag="089" ind1=" " ind2=" ">
    <subfield code="b">B03</subfield>
  </datafield>
  <datafield tag="091" ind1=" " ind2=" ">
    <subfield code="a">GEN</subfield>
  </datafield>
  <datafield tag="099" ind1=" " ind2=" ">
    <subfield code="a">UNH</subfield>
    <subfield code="b">DHU</subfield>
    <subfield code="c">A(01)/R3</subfield>
    <subfield code="q">A01R3</subfield>
  </datafield>
  <datafield tag="191" ind1=" " ind2=" ">
    <subfield code="a">A/65/PV.77</subfield>
    <subfield code="b">A/</subfield>
    <subfield code="c">65</subfield>
    <subfield code="9">G88</subfield>
    <subfield code="q">A65PV77</subfield>
    <subfield code="r">A65</subfield>
    <subfield code="0">(DHLAUTH)778069</subfield>
  </datafield>
  <datafield tag="245" ind1="1" ind2="0">
    <subfield code="a">General Assembly official records, 65th session :</subfield>
    <subfield code="b">77th plenary meeting, Monday, 7 March 2011, New York</subfield>
  </datafield>
  <datafield tag="260" ind1=" " ind2=" ">
    <subfield code="a">[New York] :</subfield>
    <subfield code="b">UN,</subfield>
    <subfield code="c">[2011]</subfield>
  </datafield>
  <datafield tag="269" ind1=" " ind2=" ">
    <subfield code="a">2011</subfield>
  </datafield>
  <datafield tag="300" ind1=" " ind2=" ">
    <subfield code="a">[1] p.</subfield>
  </datafield>
  <datafield tag="495" ind1=" " ind2=" ">
    <subfield code="a">GAOR, 65th sess., Meeting records</subfield>
  </datafield>
  <datafield tag="630" ind1="0" ind2="7">
    <subfield code="a">General Regulations of the World Food Programme</subfield>
    <subfield code="2">unbisn</subfield>
    <subfield code="0">(DHLAUTH)188303</subfield>
  </datafield>
  <datafield tag="650" ind1="1" ind2="7">
    <subfield code="a">RULES AND REGULATIONS</subfield>
    <subfield code="2">unbist</subfield>
    <subfield code="0">(DHLAUTH)275745</subfield>
  </datafield>
  <datafield tag="793" ind1=" " ind2=" ">
    <subfield code="a">PL</subfield>
  </datafield>
  <datafield tag="856" ind1="4" ind2=" ">
    <subfield code="s">112282</subfield>
    <subfield code="u">http://digitallibrary.un.org/record/702580/files/A_65_PV-77-ES.pdf</subfield>
    <subfield code="y">Español</subfield>
  </datafield>
  <datafield tag="856" ind1="4" ind2=" ">
    <subfield code="s">145806</subfield>
    <subfield code="u">http://digitallibrary.un.org/record/702580/files/A_65_PV-77-RU.pdf</subfield>
    <subfield code="y">Русский</subfield>
  </datafield>
  <datafield tag="856" ind1="4" ind2=" ">
    <subfield code="s">29021</subfield>
    <subfield code="u">http://digitallibrary.un.org/record/702580/files/A_65_PV-77-EN.pdf</subfield>
    <subfield code="y">English</subfield>
  </datafield>
  <datafield tag="856" ind1="4" ind2=" ">
    <subfield code="s">31149</subfield>
    <subfield code="u">http://digitallibrary.un.org/record/702580/files/A_65_PV-77-FR.pdf</subfield>
    <subfield code="y">Français</subfield>
  </datafield>
  <datafield tag="856" ind1="4" ind2=" ">
    <subfield code="s">77951</subfield>
    <subfield code="u">http://digitallibrary.un.org/record/702580/files/A_65_PV-77-AR.pdf</subfield>
    <subfield code="y">العربية</subfield>
  </datafield>
  <datafield tag="856" ind1="4" ind2=" ">
    <subfield code="s">97225</subfield>
    <subfield code="u">http://digitallibrary.un.org/record/702580/files/A_65_PV-77-ZH.pdf</subfield>
    <subfield code="y">中文</subfield>
  </datafield>
  <datafield tag="930" ind1=" " ind2=" ">
    <subfield code="a">UNDMY11</subfield>
  </datafield>
  <datafield tag="949" ind1=" " ind2=" ">
    <subfield code="9">A(01)/R3</subfield>
    <subfield code="b">1778829.1.1</subfield>
    <subfield code="i">1778829</subfield>
    <subfield code="k">unas</subfield>
    <subfield code="c">c. 1</subfield>
    <subfield code="l">DHL</subfield>
    <subfield code="z">t</subfield>
    <subfield code="m">14day</subfield>
    <subfield code="d">20110505200000</subfield>
  </datafield>
  <datafield tag="949" ind1=" " ind2=" ">
    <subfield code="9">A(01)/R3</subfield>
    <subfield code="b">1778832.4.1</subfield>
    <subfield code="i">1778832</subfield>
    <subfield code="k">unrs</subfield>
    <subfield code="c">c. 1</subfield>
    <subfield code="l">DHL</subfield>
    <subfield code="z">t</subfield>
    <subfield code="m">14day</subfield>
    <subfield code="d">20110505200000</subfield>
  </datafield>
  <datafield tag="949" ind1=" " ind2=" ">
    <subfield code="9">A(01)/R3</subfield>
    <subfield code="b">10000000945970</subfield>
    <subfield code="i">1778828</subfield>
    <subfield code="k">unes</subfield>
    <subfield code="c">c. 1</subfield>
    <subfield code="l">DHL</subfield>
    <subfield code="z">t</subfield>
    <subfield code="m">14day</subfield>
    <subfield code="d">20110505200000</subfield>
  </datafield>
  <datafield tag="949" ind1=" " ind2=" ">
    <subfield code="9">A(01)/R3</subfield>
    <subfield code="b">1778830.2.1</subfield>
    <subfield code="i">1778830</subfield>
    <subfield code="k">uncs</subfield>
    <subfield code="c">c. 1</subfield>
    <subfield code="l">DHL</subfield>
    <subfield code="z">t</subfield>
    <subfield code="m">14day</subfield>
    <subfield code="d">20110505200000</subfield>
  </datafield>
  <datafield tag="949" ind1=" " ind2=" ">
    <subfield code="9">A(01)/R3</subfield>
    <subfield code="b">1778831.3.1</subfield>
    <subfield code="i">1778831</subfield>
    <subfield code="k">unfs</subfield>
    <subfield code="c">c. 1</subfield>
    <subfield code="l">DHL</subfield>
    <subfield code="z">t</subfield>
    <subfield code="m">14day</subfield>
    <subfield code="d">20110505200000</subfield>
  </datafield>
  <datafield tag="949" ind1=" " ind2=" ">
    <subfield code="9">A(01)/R3</subfield>
    <subfield code="b">1778833.5.1</subfield>
    <subfield code="i">1778833</subfield>
    <subfield code="k">unss</subfield>
    <subfield code="c">c. 1</subfield>
    <subfield code="l">DHL</subfield>
    <subfield code="z">t</subfield>
    <subfield code="m">14day</subfield>
    <subfield code="d">20110505200000</subfield>
  </datafield>
  <datafield tag="989" ind1=" " ind2=" ">
    <subfield code="a">Documents and Publications</subfield>
    <subfield code="b">Meeting Records</subfield>
    <subfield code="c">Verbatim Records</subfield>
  </datafield>
  <datafield tag="991" ind1="1" ind2=" ">
    <subfield code="a">A/65/251</subfield>
    <subfield code="b">9</subfield>
    <subfield code="c">Report of the Economic and Social Council.</subfield>
    <subfield code="d">UN. ECONOMIC AND SOCIAL COUNCIL--REPORTS</subfield>
    <subfield code="e">At the 77th meeting, draft resolution in A/65/768 entitled "Revision of the General Regulations of the World Food Programme" was adopted without vote: resolution 65/266</subfield>
    <subfield code="z">I</subfield>
    <subfield code="0">(DHLAUTH)778126</subfield>
  </datafield>
  <datafield tag="992" ind1=" " ind2=" ">
    <subfield code="a">20110307</subfield>
  </datafield>
  <datafield tag="998" ind1=" " ind2=" ">
    <subfield code="a">20110506053000</subfield>
    <subfield code="b">pnser</subfield>
    <subfield code="c">20170524053100</subfield>
    <subfield code="d">vwcat2</subfield>
  </datafield>
  <datafield tag="999" ind1=" " ind2=" ">
    <subfield code="a">jmr20110506</subfield>
    <subfield code="b">20110506</subfield>
    <subfield code="c">r</subfield>
  </datafield>
  <datafield tag="999" ind1=" " ind2=" ">
    <subfield code="a">pnq20110506</subfield>
    <subfield code="b">20110506</subfield>
    <subfield code="c">q</subfield>
  </datafield>
  <datafield tag="999" ind1=" " ind2=" ">
    <subfield code="a">skic20110506</subfield>
    <subfield code="b">20110506</subfield>
    <subfield code="c">c</subfield>
  </datafield>
  <datafield tag="999" ind1=" " ind2=" ">
    <subfield code="a">vwt20110506</subfield>
    <subfield code="b">20110506</subfield>
    <subfield code="c">t</subfield>
  </datafield>
  <datafield tag="999" ind1=" " ind2=" ">
    <subfield code="a">vwu20120214</subfield>
    <subfield code="b">20120214</subfield>
    <subfield code="c">u</subfield>
  </datafield>
</record>