

    
    <record>
        <controlfield tag="001">699126</controlfield>
        <controlfield tag="000">00000nam\\2200025#a\4500</controlfield>
        <controlfield tag="005">20170412131705.0</controlfield>
        <controlfield tag="008">110309s2011\\\\usa\\\\#r\\\\\|||1|\eng\d</controlfield>
        <datafield tag="029" ind1=" " ind2=" ">
            <subfield code="a">JN</subfield>
            <subfield code="b">N1120992 E</subfield>
        </datafield>
        <datafield tag="035" ind1=" " ind2=" ">
            <subfield code="a">D0379155</subfield>
        </datafield>
        <datafield tag="035" ind1=" " ind2=" ">
            <subfield code="a">(DHL)942025</subfield>
        </datafield>
        <datafield tag="039" ind1=" " ind2=" ">
            <subfield code="a">DHU</subfield>
        </datafield>
        <datafield tag="040" ind1=" " ind2=" ">
            <subfield code="a">NNUN</subfield>
            <subfield code="b">eng</subfield>
        </datafield>
        <datafield tag="041" ind1=" " ind2=" ">
            <subfield code="a">arachiengfrerusspa</subfield>
        </datafield>
        <datafield tag="049" ind1=" " ind2=" ">
            <subfield code="a">usa</subfield>
        </datafield>
        <datafield tag="089" ind1=" " ind2=" ">
            <subfield code="b">B04</subfield>
        </datafield>
        <datafield tag="091" ind1=" " ind2=" ">
            <subfield code="a">GEN</subfield>
        </datafield>
        <datafield tag="099" ind1=" " ind2=" ">
            <subfield code="a">UNH</subfield>
            <subfield code="b">DHU</subfield>
            <subfield code="c">A(01)/R3</subfield>
            <subfield code="q">A01R3</subfield>
        </datafield>
        <datafield tag="191" ind1=" " ind2=" ">
            <subfield code="0">1221254</subfield>
            <subfield code="9">G00</subfield>
            <subfield code="a">A/65/5 (Vol.II)</subfield>
            <subfield code="b">A/</subfield>
            <subfield code="c">65</subfield>
            <subfield code="q">A655VOLII</subfield>
            <subfield code="r">A65</subfield>
        </datafield>
        <datafield tag="245" ind1="1" ind2="0">
            <subfield code="a">Financial report and audited financial statements for the 12-month period from 1 July 2009 to 30 June 2010 and report of the Board of Auditors.</subfield>
            <subfield code="n">Volume 2,</subfield>
            <subfield code="p">United Nations peacekeeping operations</subfield>
        </datafield>
        <datafield tag="260" ind1=" " ind2=" ">
            <subfield code="a">New York :</subfield>
            <subfield code="b">UN,</subfield>
            <subfield code="c">2011</subfield>
        </datafield>
        <datafield tag="269" ind1=" " ind2=" ">
            <subfield code="a">2011</subfield>
        </datafield>
        <datafield tag="300" ind1=" " ind2=" ">
            <subfield code="a">xiii, 254 p. :</subfield>
            <subfield code="b">graphs, tables</subfield>
        </datafield>
        <datafield tag="495" ind1=" " ind2=" ">
            <subfield code="a">GAOR, 65th sess., Suppl. no. 5</subfield>
        </datafield>
        <datafield tag="500" ind1=" " ind2=" ">
            <subfield code="a">Annexes (p. 253-254): 1. Peacekeeping operations funded by the regular budget: status of appropriations by major object of expenditure for the 6-month period of the biennium 2010-2011 ended 30 June 2010 -- 2. Activities related to peacekeeping operations funded by trust funds: schedule of income, expenditure, reserves and  fund balances for the fiscal year ended 30 June 2010. </subfield>
        </datafield>
        <datafield tag="610" ind1="2" ind2="7">
            <subfield code="0">954564</subfield>
            <subfield code="2">unbisn</subfield>
            <subfield code="a">UN. Board of Auditors</subfield>
            <subfield code="g">Recommendations</subfield>
        </datafield>
        <datafield tag="610" ind1="2" ind2="7">
            <subfield code="0">1230305</subfield>
            <subfield code="2">unbisn</subfield>
            <subfield code="a">UN</subfield>
            <subfield code="g">Accounts (2009-2010)</subfield>
        </datafield>
        <datafield tag="650" ind1="1" ind2="7">
            <subfield code="0">1277954</subfield>
            <subfield code="2">unbist</subfield>
            <subfield code="a">PEACEKEEPING OPERATIONS</subfield>
        </datafield>
        <datafield tag="650" ind1="1" ind2="7">
            <subfield code="0">1279405</subfield>
            <subfield code="2">unbist</subfield>
            <subfield code="a">FINANCIAL STATEMENTS</subfield>
        </datafield>
        <datafield tag="650" ind1="1" ind2="7">
            <subfield code="0">1282613</subfield>
            <subfield code="2">unbist</subfield>
            <subfield code="a">FUNDS</subfield>
        </datafield>
        <datafield tag="650" ind1="1" ind2="7">
            <subfield code="0">1279388</subfield>
            <subfield code="2">unbist</subfield>
            <subfield code="a">AUDITING</subfield>
        </datafield>
        <datafield tag="710" ind1="2" ind2=" ">
            <subfield code="0">871712</subfield>
            <subfield code="a">UN. Board of Auditors</subfield>
        </datafield>
        <datafield tag="830" ind1=" " ind2=" ">
            <subfield code="0">1275699</subfield>
            <subfield code="a">UN Peacekeeping Operations. Financial report and audited financial statements for the 12-month period from 1 July... to 30 June ... and report of the Board of Auditors</subfield>
        </datafield>
        <datafield tag="830" ind1=" " ind2=" ">
            <subfield code="0">1275660</subfield>
            <subfield code="a">Financial report and audited financial statements for the year/biennium ended 31 December ... and report of the Board of Auditors</subfield>
        </datafield>
        <datafield tag="830" ind1=" " ind2=" ">
            <subfield code="0">1275447</subfield>
            <subfield code="a">General Assembly. Official Records. Supplement</subfield>
        </datafield>
        <datafield tag="930" ind1=" " ind2=" ">
            <subfield code="a">UNDMA11</subfield>
        </datafield>
        <datafield tag="949" ind1=" " ind2=" ">
            <subfield code="9">A(01)/R3</subfield>
            <subfield code="b">1769138.2.1</subfield>
            <subfield code="c">c. 1</subfield>
            <subfield code="d">20110308190000</subfield>
            <subfield code="i">1769138</subfield>
            <subfield code="k">uncs</subfield>
            <subfield code="l">DHL</subfield>
            <subfield code="m">14day</subfield>
            <subfield code="z">t</subfield>
        </datafield>
        <datafield tag="949" ind1=" " ind2=" ">
            <subfield code="9">A(01)/R3</subfield>
            <subfield code="b">1769139.3.1</subfield>
            <subfield code="c">c. 1</subfield>
            <subfield code="d">20110308190000</subfield>
            <subfield code="i">1769139</subfield>
            <subfield code="k">unfs</subfield>
            <subfield code="l">DHL</subfield>
            <subfield code="m">14day</subfield>
            <subfield code="z">t</subfield>
        </datafield>
        <datafield tag="949" ind1=" " ind2=" ">
            <subfield code="9">A(01)/R3</subfield>
            <subfield code="b">1769140.4.1</subfield>
            <subfield code="c">c. 1</subfield>
            <subfield code="d">20110308190000</subfield>
            <subfield code="i">1769140</subfield>
            <subfield code="k">unrs</subfield>
            <subfield code="l">DHL</subfield>
            <subfield code="m">14day</subfield>
            <subfield code="z">t</subfield>
        </datafield>
        <datafield tag="949" ind1=" " ind2=" ">
            <subfield code="9">A(01)/R3</subfield>
            <subfield code="b">1769137.1.1</subfield>
            <subfield code="c">c. 1</subfield>
            <subfield code="d">20110308190000</subfield>
            <subfield code="i">1769137</subfield>
            <subfield code="k">unas</subfield>
            <subfield code="l">DHL</subfield>
            <subfield code="m">14day</subfield>
            <subfield code="z">t</subfield>
        </datafield>
        <datafield tag="949" ind1=" " ind2=" ">
            <subfield code="9">A(01)/R3</subfield>
            <subfield code="b">10000000942025</subfield>
            <subfield code="c">c. 1</subfield>
            <subfield code="d">20110308190000</subfield>
            <subfield code="i">1769136</subfield>
            <subfield code="k">unes</subfield>
            <subfield code="l">DHL</subfield>
            <subfield code="m">14day</subfield>
            <subfield code="z">t</subfield>
        </datafield>
        <datafield tag="949" ind1=" " ind2=" ">
            <subfield code="9">A(01)/R3</subfield>
            <subfield code="b">1769141.5.1</subfield>
            <subfield code="c">c. 1</subfield>
            <subfield code="d">20110308190000</subfield>
            <subfield code="i">1769141</subfield>
            <subfield code="k">unss</subfield>
            <subfield code="l">DHL</subfield>
            <subfield code="m">14day</subfield>
            <subfield code="z">t</subfield>
        </datafield>
        <datafield tag="980" ind1=" " ind2=" ">
            <subfield code="a">BIB</subfield>
        </datafield>
        <datafield tag="989" ind1=" " ind2=" ">
            <subfield code="a">Documents and Publications</subfield>
            <subfield code="b">Reports</subfield>
            <subfield code="c">Annual and Sessional Reports</subfield>
        </datafield>
        <datafield tag="991" ind1="1" ind2=" ">
            <subfield code="0">1222049</subfield>
            <subfield code="a">A/65/251</subfield>
            <subfield code="b">127b</subfield>
            <subfield code="c">United Nations peacekeeping operations.</subfield>
            <subfield code="d">UN PEACEKEEPING OPERATIONS--ACCOUNTS</subfield>
            <subfield code="z">I</subfield>
        </datafield>
        <datafield tag="991" ind1="1" ind2=" ">
            <subfield code="0">1222048</subfield>
            <subfield code="a">A/65/251</subfield>
            <subfield code="b">127</subfield>
            <subfield code="c">Financial reports and audited financial statements, and reports of the Board of Auditors.</subfield>
            <subfield code="d">UN--FINANCIAL REPORTS</subfield>
        </datafield>
        <datafield tag="998" ind1=" " ind2=" ">
            <subfield code="a">20110309043400</subfield>
            <subfield code="b">pnser</subfield>
            <subfield code="c">20170117082900</subfield>
            <subfield code="d">shkcat</subfield>
        </datafield>
        <datafield tag="999" ind1=" " ind2=" ">
            <subfield code="a">jmr20110309</subfield>
            <subfield code="b">20110309</subfield>
            <subfield code="c">r</subfield>
        </datafield>
        <datafield tag="999" ind1=" " ind2=" ">
            <subfield code="a">pgc20110309</subfield>
            <subfield code="b">20110309</subfield>
            <subfield code="c">c</subfield>
        </datafield>
        <datafield tag="999" ind1=" " ind2=" ">
            <subfield code="a">pnq20110309</subfield>
            <subfield code="b">20110309</subfield>
            <subfield code="c">q</subfield>
        </datafield>
        <datafield tag="999" ind1=" " ind2=" ">
            <subfield code="a">vwt20110316</subfield>
            <subfield code="b">20110316</subfield>
            <subfield code="c">t</subfield>
        </datafield>
        <datafield tag="999" ind1=" " ind2=" ">
            <subfield code="a">vwu20121025</subfield>
            <subfield code="b">20121025</subfield>
            <subfield code="c">u</subfield>
        </datafield>
        <datafield tag="999" ind1=" " ind2=" ">
            <subfield code="a">shku20170117</subfield>
            <subfield code="b">20170117</subfield>
            <subfield code="c">u</subfield>
        </datafield>
    </record>