

    
    <record>
        <controlfield tag="001">698787</controlfield>
        <controlfield tag="000">00000nam\\2200025#a\4500</controlfield>
        <controlfield tag="005">20170412204132.0</controlfield>
        <controlfield tag="008">110303s2011\\\\usa\\\\#r\\\\\|||1|\eng\d</controlfield>
        <datafield tag="029" ind1=" " ind2=" ">
            <subfield code="a">JN</subfield>
            <subfield code="b">N1061179 E</subfield>
        </datafield>
        <datafield tag="035" ind1=" " ind2=" ">
            <subfield code="a">D0379064</subfield>
        </datafield>
        <datafield tag="035" ind1=" " ind2=" ">
            <subfield code="a">(DHL)941651</subfield>
        </datafield>
        <datafield tag="039" ind1=" " ind2=" ">
            <subfield code="a">DHU</subfield>
        </datafield>
        <datafield tag="040" ind1=" " ind2=" ">
            <subfield code="a">NNUN</subfield>
            <subfield code="b">eng</subfield>
        </datafield>
        <datafield tag="041" ind1=" " ind2=" ">
            <subfield code="a">arachiengfrerusspa</subfield>
        </datafield>
        <datafield tag="049" ind1=" " ind2=" ">
            <subfield code="a">usa</subfield>
        </datafield>
        <datafield tag="089" ind1=" " ind2=" ">
            <subfield code="b">B03</subfield>
        </datafield>
        <datafield tag="091" ind1=" " ind2=" ">
            <subfield code="a">GEN</subfield>
        </datafield>
        <datafield tag="099" ind1=" " ind2=" ">
            <subfield code="a">UNH</subfield>
            <subfield code="b">DHU</subfield>
            <subfield code="c">A(01)/R3</subfield>
            <subfield code="q">A01R3</subfield>
        </datafield>
        <datafield tag="191" ind1=" " ind2=" ">
            <subfield code="0">1221254</subfield>
            <subfield code="9">G88</subfield>
            <subfield code="a">A/65/PV.41</subfield>
            <subfield code="b">A/</subfield>
            <subfield code="c">65</subfield>
            <subfield code="q">A65PV41</subfield>
            <subfield code="r">A65</subfield>
        </datafield>
        <datafield tag="245" ind1="1" ind2="0">
            <subfield code="a">General Assembly official records, 65th session :</subfield>
            <subfield code="b">41st plenary meeting, Friday, 29 October 2010, New York</subfield>
        </datafield>
        <datafield tag="260" ind1=" " ind2=" ">
            <subfield code="a">[New York] :</subfield>
            <subfield code="b">UN,</subfield>
            <subfield code="c">[2011]</subfield>
        </datafield>
        <datafield tag="269" ind1=" " ind2=" ">
            <subfield code="a">2011</subfield>
        </datafield>
        <datafield tag="300" ind1=" " ind2=" ">
            <subfield code="a">27 p.</subfield>
        </datafield>
        <datafield tag="495" ind1=" " ind2=" ">
            <subfield code="a">GAOR, 65th sess., Meeting records</subfield>
        </datafield>
        <datafield tag="610" ind1="2" ind2="7">
            <subfield code="0">(DHLAUTH)218615</subfield>
            <subfield code="2">unbisn</subfield>
            <subfield code="a">International Criminal Court</subfield>
        </datafield>
        <datafield tag="611" ind1="2" ind2="7">
            <subfield code="0">1203265</subfield>
            <subfield code="2">unbisn</subfield>
            <subfield code="a">Review Conference of the Rome Statute of the International Criminal Court (1st : 2010 : Kampala)</subfield>
        </datafield>
        <datafield tag="630" ind1="0" ind2="7">
            <subfield code="0">926487</subfield>
            <subfield code="2">unbisn</subfield>
            <subfield code="a">Rome Statute of the International Criminal Court (1998)</subfield>
        </datafield>
        <datafield tag="650" ind1="1" ind2="7">
            <subfield code="0">1281116</subfield>
            <subfield code="2">unbist</subfield>
            <subfield code="a">CRIMINAL JUSTICE</subfield>
        </datafield>
        <datafield tag="650" ind1="1" ind2="7">
            <subfield code="0">1284125</subfield>
            <subfield code="2">unbist</subfield>
            <subfield code="a">INTERNATIONAL CRIMINAL COURTS</subfield>
        </datafield>
        <datafield tag="650" ind1="1" ind2="7">
            <subfield code="0">1281117</subfield>
            <subfield code="2">unbist</subfield>
            <subfield code="a">CRIMINAL JURISDICTION</subfield>
        </datafield>
        <datafield tag="650" ind1="1" ind2="7">
            <subfield code="0">1278220</subfield>
            <subfield code="2">unbist</subfield>
            <subfield code="a">RULE OF LAW</subfield>
        </datafield>
        <datafield tag="650" ind1="1" ind2="7">
            <subfield code="0">1278254</subfield>
            <subfield code="2">unbist</subfield>
            <subfield code="a">INTERNATIONAL CRIMINAL LAW</subfield>
        </datafield>
        <datafield tag="793" ind1=" " ind2=" ">
            <subfield code="a">PL</subfield>
        </datafield>
        <datafield tag="856" ind1="4" ind2=" ">
            <subfield code="s">399055</subfield>
            <subfield code="u">http://digitallibrary.un.org/record/698787/files/A_65_PV.41-AR.pdf</subfield>
            <subfield code="y">العربية</subfield>
        </datafield>
        <datafield tag="856" ind1="4" ind2=" ">
            <subfield code="s">362632</subfield>
            <subfield code="u">http://digitallibrary.un.org/record/698787/files/A_65_PV.41-ZH.pdf</subfield>
            <subfield code="y">中文</subfield>
        </datafield>
        <datafield tag="856" ind1="4" ind2=" ">
            <subfield code="s">155414</subfield>
            <subfield code="u">http://digitallibrary.un.org/record/698787/files/A_65_PV.41-EN.pdf</subfield>
            <subfield code="y">English</subfield>
        </datafield>
        <datafield tag="856" ind1="4" ind2=" ">
            <subfield code="s">174710</subfield>
            <subfield code="u">http://digitallibrary.un.org/record/698787/files/A_65_PV.41-FR.pdf</subfield>
            <subfield code="y">Français</subfield>
        </datafield>
        <datafield tag="856" ind1="4" ind2=" ">
            <subfield code="s">554368</subfield>
            <subfield code="u">http://digitallibrary.un.org/record/698787/files/A_65_PV.41-RU.pdf</subfield>
            <subfield code="y">Русский</subfield>
        </datafield>
        <datafield tag="856" ind1="4" ind2=" ">
            <subfield code="s">265413</subfield>
            <subfield code="u">http://digitallibrary.un.org/record/698787/files/A_65_PV.41-ES.pdf</subfield>
            <subfield code="y">Español</subfield>
        </datafield>
        <datafield tag="930" ind1=" " ind2=" ">
            <subfield code="a">UNDMA11</subfield>
        </datafield>
        <datafield tag="949" ind1=" " ind2=" ">
            <subfield code="9">A(01)/R3</subfield>
            <subfield code="b">1768188.5.1</subfield>
            <subfield code="c">c. 1</subfield>
            <subfield code="d">20110302190000</subfield>
            <subfield code="i">1768188</subfield>
            <subfield code="k">unss</subfield>
            <subfield code="l">DHL</subfield>
            <subfield code="m">14day</subfield>
            <subfield code="z">t</subfield>
        </datafield>
        <datafield tag="949" ind1=" " ind2=" ">
            <subfield code="9">A(01)/R3</subfield>
            <subfield code="b">1768187.4.1</subfield>
            <subfield code="c">c. 1</subfield>
            <subfield code="d">20110302190000</subfield>
            <subfield code="i">1768187</subfield>
            <subfield code="k">unrs</subfield>
            <subfield code="l">DHL</subfield>
            <subfield code="m">14day</subfield>
            <subfield code="z">t</subfield>
        </datafield>
        <datafield tag="949" ind1=" " ind2=" ">
            <subfield code="9">A(01)/R3</subfield>
            <subfield code="b">1768186.3.1</subfield>
            <subfield code="c">c. 1</subfield>
            <subfield code="d">20110302190000</subfield>
            <subfield code="i">1768186</subfield>
            <subfield code="k">unfs</subfield>
            <subfield code="l">DHL</subfield>
            <subfield code="m">14day</subfield>
            <subfield code="z">t</subfield>
        </datafield>
        <datafield tag="949" ind1=" " ind2=" ">
            <subfield code="9">A(01)/R3</subfield>
            <subfield code="b">1768184.1.1</subfield>
            <subfield code="c">c. 1</subfield>
            <subfield code="d">20110302190000</subfield>
            <subfield code="i">1768184</subfield>
            <subfield code="k">unas</subfield>
            <subfield code="l">DHL</subfield>
            <subfield code="m">14day</subfield>
            <subfield code="z">t</subfield>
        </datafield>
        <datafield tag="949" ind1=" " ind2=" ">
            <subfield code="9">A(01)/R3</subfield>
            <subfield code="b">10000009416511</subfield>
            <subfield code="c">c. 1</subfield>
            <subfield code="d">20110302190000</subfield>
            <subfield code="i">1768183</subfield>
            <subfield code="k">unes</subfield>
            <subfield code="l">DHL</subfield>
            <subfield code="m">14day</subfield>
            <subfield code="z">t</subfield>
        </datafield>
        <datafield tag="949" ind1=" " ind2=" ">
            <subfield code="9">A(01)/R3</subfield>
            <subfield code="b">1768185.2.1</subfield>
            <subfield code="c">c. 1</subfield>
            <subfield code="d">20110302190000</subfield>
            <subfield code="i">1768185</subfield>
            <subfield code="k">uncs</subfield>
            <subfield code="l">DHL</subfield>
            <subfield code="m">14day</subfield>
            <subfield code="z">t</subfield>
        </datafield>
        <datafield tag="980" ind1=" " ind2=" ">
            <subfield code="a">BIB</subfield>
        </datafield>
        <datafield tag="989" ind1=" " ind2=" ">
            <subfield code="a">Documents and Publications</subfield>
            <subfield code="b">Meeting Records</subfield>
            <subfield code="c">Verbatim Records</subfield>
        </datafield>
        <datafield tag="991" ind1="1" ind2=" ">
            <subfield code="0">1221291</subfield>
            <subfield code="a">A/65/251</subfield>
            <subfield code="b">13</subfield>
            <subfield code="c">Integrated and coordinated implementation of and follow-up to the outcomes of the major United Nations conferences and summits in the economic, social and related fields.</subfield>
            <subfield code="d">UN CONFERENCES--FOLLOW-UP</subfield>
            <subfield code="e">At the 41st meeting, draft resolution A/65/L.7 was adopted without vote: resolution 65/7</subfield>
            <subfield code="z">I</subfield>
        </datafield>
        <datafield tag="991" ind1="1" ind2=" ">
            <subfield code="0">1222005</subfield>
            <subfield code="a">A/65/251</subfield>
            <subfield code="b">115</subfield>
            <subfield code="c">Follow-up to the outcome of the Millennium Summit.</subfield>
            <subfield code="d">MILLENNIUM SUMMIT (2000 : NEW YORK)--FOLLOW-UP</subfield>
            <subfield code="e">At the 41st meeting, draft resolution A/65/L.7 was adopted without vote: resolution 65/7</subfield>
            <subfield code="z">I</subfield>
        </datafield>
        <datafield tag="991" ind1="1" ind2=" ">
            <subfield code="0">1221564</subfield>
            <subfield code="a">A/65/251</subfield>
            <subfield code="b">73</subfield>
            <subfield code="c">Report of the International Criminal Court.</subfield>
            <subfield code="d">INTERNATIONAL CRIMINAL COURT--REPORTS</subfield>
            <subfield code="z">I</subfield>
        </datafield>
        <datafield tag="992" ind1=" " ind2=" ">
            <subfield code="a">20101029</subfield>
        </datafield>
        <datafield tag="998" ind1=" " ind2=" ">
            <subfield code="a">20110303042600</subfield>
            <subfield code="b">bccat</subfield>
            <subfield code="c">20110321103100</subfield>
            <subfield code="d">vwcat2</subfield>
        </datafield>
        <datafield tag="999" ind1=" " ind2=" ">
            <subfield code="a">jmr20110307</subfield>
            <subfield code="b">20110307</subfield>
            <subfield code="c">r</subfield>
        </datafield>
        <datafield tag="999" ind1=" " ind2=" ">
            <subfield code="a">jmc20110307</subfield>
            <subfield code="b">20110307</subfield>
            <subfield code="c">c</subfield>
        </datafield>
        <datafield tag="999" ind1=" " ind2=" ">
            <subfield code="a">bcq20110303</subfield>
            <subfield code="b">20110303</subfield>
            <subfield code="c">q</subfield>
        </datafield>
        <datafield tag="999" ind1=" " ind2=" ">
            <subfield code="a">vwt20110321</subfield>
            <subfield code="b">20110321</subfield>
            <subfield code="c">t</subfield>
        </datafield>
    </record>