

    
    <record>
        <controlfield tag="001">734220</controlfield>
        <controlfield tag="000">00000nam\\2200025#a\4500</controlfield>
        <controlfield tag="005">20170412204220.0</controlfield>
        <controlfield tag="008">120920s2011\\\\usa\\\\#r\\\\\|||1|\eng\d</controlfield>
        <datafield tag="029" ind1=" " ind2=" ">
            <subfield code="a">JN</subfield>
            <subfield code="b">N1155232 E</subfield>
        </datafield>
        <datafield tag="035" ind1=" " ind2=" ">
            <subfield code="a">D0391921</subfield>
        </datafield>
        <datafield tag="035" ind1=" " ind2=" ">
            <subfield code="a">(DHL)981793</subfield>
        </datafield>
        <datafield tag="039" ind1=" " ind2=" ">
            <subfield code="a">DHU</subfield>
        </datafield>
        <datafield tag="040" ind1=" " ind2=" ">
            <subfield code="a">NNUN</subfield>
            <subfield code="b">eng</subfield>
        </datafield>
        <datafield tag="041" ind1=" " ind2=" ">
            <subfield code="a">arachiengfrerusspa</subfield>
        </datafield>
        <datafield tag="049" ind1=" " ind2=" ">
            <subfield code="a">usa</subfield>
        </datafield>
        <datafield tag="089" ind1=" " ind2=" ">
            <subfield code="b">B03</subfield>
        </datafield>
        <datafield tag="091" ind1=" " ind2=" ">
            <subfield code="a">GEN</subfield>
        </datafield>
        <datafield tag="099" ind1=" " ind2=" ">
            <subfield code="a">UNH</subfield>
            <subfield code="b">DHU</subfield>
            <subfield code="c">A(01)/R3</subfield>
            <subfield code="q">A01R3</subfield>
        </datafield>
        <datafield tag="191" ind1=" " ind2=" ">
            <subfield code="0">1228994</subfield>
            <subfield code="9">G11</subfield>
            <subfield code="a">A/C.1/66/PV.15</subfield>
            <subfield code="b">A/</subfield>
            <subfield code="c">66</subfield>
            <subfield code="q">AC166PV15</subfield>
            <subfield code="r">A66</subfield>
        </datafield>
        <datafield tag="245" ind1="1" ind2="0">
            <subfield code="a">General Assembly official records, 66th session :</subfield>
            <subfield code="b">1st Committee, 15th meeting, Tuesday, 18 October 2011, New York</subfield>
        </datafield>
        <datafield tag="260" ind1=" " ind2=" ">
            <subfield code="a">[New York] :</subfield>
            <subfield code="b">UN,</subfield>
            <subfield code="c">[2011]</subfield>
        </datafield>
        <datafield tag="269" ind1=" " ind2=" ">
            <subfield code="a">2011</subfield>
        </datafield>
        <datafield tag="300" ind1=" " ind2=" ">
            <subfield code="a">30 p.</subfield>
        </datafield>
        <datafield tag="495" ind1=" " ind2=" ">
            <subfield code="a">GAOR, 66th sess., 1st Committee</subfield>
        </datafield>
        <datafield tag="650" ind1="1" ind2="7">
            <subfield code="0">1277985</subfield>
            <subfield code="2">unbist</subfield>
            <subfield code="a">CONVENTIONAL WEAPONS</subfield>
        </datafield>
        <datafield tag="650" ind1="1" ind2="7">
            <subfield code="0">1282778</subfield>
            <subfield code="2">unbist</subfield>
            <subfield code="a">ARMS TRANSFERS</subfield>
        </datafield>
        <datafield tag="650" ind1="1" ind2="7">
            <subfield code="0">1284450</subfield>
            <subfield code="2">unbist</subfield>
            <subfield code="a">TRANSPARENCY IN ARMAMENTS</subfield>
        </datafield>
        <datafield tag="650" ind1="1" ind2="7">
            <subfield code="0">1283033</subfield>
            <subfield code="2">unbist</subfield>
            <subfield code="a">REGIONAL DISARMAMENT</subfield>
        </datafield>
        <datafield tag="650" ind1="1" ind2="7">
            <subfield code="0">1284496</subfield>
            <subfield code="2">unbist</subfield>
            <subfield code="a">AMMUNITION</subfield>
        </datafield>
        <datafield tag="650" ind1="1" ind2="7">
            <subfield code="0">1282719</subfield>
            <subfield code="2">unbist</subfield>
            <subfield code="a">LANDMINES</subfield>
        </datafield>
        <datafield tag="793" ind1=" " ind2=" ">
            <subfield code="a">01</subfield>
        </datafield>
        <datafield tag="856" ind1="4" ind2=" ">
            <subfield code="s">578817</subfield>
            <subfield code="u">http://digitallibrary.un.org/record/734220/files/A_C.1_66_PV.15-AR.pdf</subfield>
            <subfield code="y">العربية</subfield>
        </datafield>
        <datafield tag="856" ind1="4" ind2=" ">
            <subfield code="s">373063</subfield>
            <subfield code="u">http://digitallibrary.un.org/record/734220/files/A_C.1_66_PV.15-ZH.pdf</subfield>
            <subfield code="y">中文</subfield>
        </datafield>
        <datafield tag="856" ind1="4" ind2=" ">
            <subfield code="s">992703</subfield>
            <subfield code="u">http://digitallibrary.un.org/record/734220/files/A_C.1_66_PV.15-EN.pdf</subfield>
            <subfield code="y">English</subfield>
        </datafield>
        <datafield tag="856" ind1="4" ind2=" ">
            <subfield code="s">299174</subfield>
            <subfield code="u">http://digitallibrary.un.org/record/734220/files/A_C.1_66_PV.15-FR.pdf</subfield>
            <subfield code="y">Français</subfield>
        </datafield>
        <datafield tag="856" ind1="4" ind2=" ">
            <subfield code="s">858945</subfield>
            <subfield code="u">http://digitallibrary.un.org/record/734220/files/A_C.1_66_PV.15-RU.pdf</subfield>
            <subfield code="y">Русский</subfield>
        </datafield>
        <datafield tag="856" ind1="4" ind2=" ">
            <subfield code="s">313132</subfield>
            <subfield code="u">http://digitallibrary.un.org/record/734220/files/A_C.1_66_PV.15-ES.pdf</subfield>
            <subfield code="y">Español</subfield>
        </datafield>
        <datafield tag="930" ind1=" " ind2=" ">
            <subfield code="a">UNDSE12</subfield>
        </datafield>
        <datafield tag="949" ind1=" " ind2=" ">
            <subfield code="9">A(01)/R3</subfield>
            <subfield code="b">10000000981793</subfield>
            <subfield code="c">c. 1</subfield>
            <subfield code="d">20120919200000</subfield>
            <subfield code="i">1864063</subfield>
            <subfield code="k">unes</subfield>
            <subfield code="l">DHL</subfield>
            <subfield code="m">14day</subfield>
            <subfield code="z">t</subfield>
        </datafield>
        <datafield tag="980" ind1=" " ind2=" ">
            <subfield code="a">BIB</subfield>
        </datafield>
        <datafield tag="989" ind1=" " ind2=" ">
            <subfield code="a">Documents and Publications</subfield>
            <subfield code="b">Meeting Records</subfield>
            <subfield code="c">Verbatim Records</subfield>
        </datafield>
        <datafield tag="991" ind1="1" ind2=" ">
            <subfield code="0">1230644</subfield>
            <subfield code="a">A/66/251</subfield>
            <subfield code="b">87b</subfield>
            <subfield code="c">Objective information on military matters, including transparency of military expenditures.</subfield>
            <subfield code="d">MILITARY EXPENDITURES</subfield>
            <subfield code="z">I</subfield>
        </datafield>
        <datafield tag="991" ind1="1" ind2=" ">
            <subfield code="0">1230659</subfield>
            <subfield code="a">A/66/251</subfield>
            <subfield code="b">98e</subfield>
            <subfield code="c">Towards an Arms Trade Treaty : establishing common international standards for the import, export and transfer of conventional arms.</subfield>
            <subfield code="d">ARMS TRANSFERS--INTERNATIONAL INSTRUMENTS</subfield>
            <subfield code="z">I</subfield>
        </datafield>
        <datafield tag="991" ind1="1" ind2=" ">
            <subfield code="0">1230660</subfield>
            <subfield code="a">A/66/251</subfield>
            <subfield code="b">98f</subfield>
            <subfield code="c">Problems arising from the accumulation of conventional ammunition stockpiles in surplus.</subfield>
            <subfield code="d">CONVENTIONAL WEAPONS</subfield>
            <subfield code="z">I</subfield>
        </datafield>
        <datafield tag="991" ind1="1" ind2=" ">
            <subfield code="0">1230678</subfield>
            <subfield code="a">A/66/251</subfield>
            <subfield code="b">98h</subfield>
            <subfield code="c">Regional disarmament.</subfield>
            <subfield code="d">REGIONAL DISARMAMENT</subfield>
            <subfield code="z">I</subfield>
        </datafield>
        <datafield tag="991" ind1="1" ind2=" ">
            <subfield code="0">1230679</subfield>
            <subfield code="a">A/66/251</subfield>
            <subfield code="b">98i</subfield>
            <subfield code="c">Conventional arms control at the regional and subregional levels.</subfield>
            <subfield code="d">CONVENTIONAL ARMS--REGIONAL PROGRAMMES</subfield>
            <subfield code="z">I</subfield>
        </datafield>
        <datafield tag="991" ind1="1" ind2=" ">
            <subfield code="0">1230680</subfield>
            <subfield code="a">A/66/251</subfield>
            <subfield code="b">98j</subfield>
            <subfield code="c">Confidence-building measures in the regional and subregional context.</subfield>
            <subfield code="d">CONFIDENCE-BUILDING MEASURES</subfield>
            <subfield code="z">I</subfield>
        </datafield>
        <datafield tag="991" ind1="1" ind2=" ">
            <subfield code="0">1230690</subfield>
            <subfield code="a">A/66/251</subfield>
            <subfield code="b">98t</subfield>
            <subfield code="c">The illicit trade in small arms and light weapons in all its aspects.</subfield>
            <subfield code="d">SMALL ARMS--ILLICIT TRAFFIC</subfield>
            <subfield code="z">I</subfield>
        </datafield>
        <datafield tag="991" ind1="1" ind2=" ">
            <subfield code="0">1230708</subfield>
            <subfield code="a">A/66/251</subfield>
            <subfield code="b">102</subfield>
            <subfield code="c">Convention on Prohibitions or Restrictions on the Use of Certain Conventional Weapons Which May Be Deemed to Be Excessively Injurious or to Have Indiscriminate Effects.</subfield>
            <subfield code="d">CONVENTIONAL WEAPONS--TREATY (1980)</subfield>
            <subfield code="z">I</subfield>
        </datafield>
        <datafield tag="992" ind1=" " ind2=" ">
            <subfield code="a">20111018</subfield>
        </datafield>
        <datafield tag="998" ind1=" " ind2=" ">
            <subfield code="a">20120920051600</subfield>
            <subfield code="b">kroy</subfield>
            <subfield code="c">20151209102400</subfield>
            <subfield code="d">mhref</subfield>
        </datafield>
        <datafield tag="999" ind1=" " ind2=" ">
            <subfield code="a">krq20120920</subfield>
            <subfield code="b">20120920</subfield>
            <subfield code="c">q</subfield>
        </datafield>
        <datafield tag="999" ind1=" " ind2=" ">
            <subfield code="a">mhc20120920</subfield>
            <subfield code="b">20120920</subfield>
            <subfield code="c">c</subfield>
        </datafield>
        <datafield tag="999" ind1=" " ind2=" ">
            <subfield code="a">slr20121012</subfield>
            <subfield code="b">20121012</subfield>
            <subfield code="c">r</subfield>
        </datafield>
        <datafield tag="999" ind1=" " ind2=" ">
            <subfield code="a">vwt20121210</subfield>
            <subfield code="b">20121210</subfield>
            <subfield code="c">t</subfield>
        </datafield>
        <datafield tag="999" ind1=" " ind2=" ">
            <subfield code="a">vwu20121212</subfield>
            <subfield code="b">20121212</subfield>
            <subfield code="c">u</subfield>
        </datafield>
    </record>