

    
    <record>
        <controlfield tag="001">733888</controlfield>
        <controlfield tag="000">00000nam\\2200025#a\4500</controlfield>
        <controlfield tag="005">20170412204205.0</controlfield>
        <controlfield tag="008">120917s2011\\\\usa\\\\#r\\\\\|||1|\eng\d</controlfield>
        <datafield tag="029" ind1=" " ind2=" ">
            <subfield code="a">JN</subfield>
            <subfield code="b">N1155670 E</subfield>
        </datafield>
        <datafield tag="035" ind1=" " ind2=" ">
            <subfield code="a">D0391782</subfield>
        </datafield>
        <datafield tag="035" ind1=" " ind2=" ">
            <subfield code="a">(DHL)981386</subfield>
        </datafield>
        <datafield tag="039" ind1=" " ind2=" ">
            <subfield code="a">DHU</subfield>
        </datafield>
        <datafield tag="040" ind1=" " ind2=" ">
            <subfield code="a">NNUN</subfield>
            <subfield code="b">eng</subfield>
        </datafield>
        <datafield tag="041" ind1=" " ind2=" ">
            <subfield code="a">arachiengfrerusspa</subfield>
        </datafield>
        <datafield tag="049" ind1=" " ind2=" ">
            <subfield code="a">usa</subfield>
        </datafield>
        <datafield tag="089" ind1=" " ind2=" ">
            <subfield code="b">B03</subfield>
        </datafield>
        <datafield tag="091" ind1=" " ind2=" ">
            <subfield code="a">GEN</subfield>
        </datafield>
        <datafield tag="099" ind1=" " ind2=" ">
            <subfield code="a">UNH</subfield>
            <subfield code="b">DHU</subfield>
            <subfield code="c">A(01)/R3</subfield>
            <subfield code="q">A01R3</subfield>
        </datafield>
        <datafield tag="191" ind1=" " ind2=" ">
            <subfield code="0">1228994</subfield>
            <subfield code="9">G11</subfield>
            <subfield code="a">A/C.1/66/PV.16</subfield>
            <subfield code="b">A/</subfield>
            <subfield code="c">66</subfield>
            <subfield code="q">AC166PV16</subfield>
            <subfield code="r">A66</subfield>
        </datafield>
        <datafield tag="245" ind1="1" ind2="0">
            <subfield code="a">General Assembly official records, 66th session :</subfield>
            <subfield code="b">1st Committee, 16th meeting, Wednesday, 19 October 2011, New York</subfield>
        </datafield>
        <datafield tag="260" ind1=" " ind2=" ">
            <subfield code="a">[New York] :</subfield>
            <subfield code="b">UN,</subfield>
            <subfield code="c">[2011]</subfield>
        </datafield>
        <datafield tag="269" ind1=" " ind2=" ">
            <subfield code="a">2011</subfield>
        </datafield>
        <datafield tag="300" ind1=" " ind2=" ">
            <subfield code="a">30 p.</subfield>
        </datafield>
        <datafield tag="495" ind1=" " ind2=" ">
            <subfield code="a">GAOR, 66th sess., 1st Committee</subfield>
        </datafield>
        <datafield tag="650" ind1="1" ind2="7">
            <subfield code="0">1277985</subfield>
            <subfield code="2">unbist</subfield>
            <subfield code="a">CONVENTIONAL WEAPONS</subfield>
        </datafield>
        <datafield tag="650" ind1="1" ind2="7">
            <subfield code="0">1283137</subfield>
            <subfield code="2">unbist</subfield>
            <subfield code="a">WEAPONS DESTRUCTION</subfield>
        </datafield>
        <datafield tag="650" ind1="1" ind2="7">
            <subfield code="0">1284405</subfield>
            <subfield code="2">unbist</subfield>
            <subfield code="a">SMALL ARMS</subfield>
        </datafield>
        <datafield tag="650" ind1="1" ind2="7">
            <subfield code="0">1282778</subfield>
            <subfield code="2">unbist</subfield>
            <subfield code="a">ARMS TRANSFERS</subfield>
        </datafield>
        <datafield tag="650" ind1="1" ind2="7">
            <subfield code="0">1284323</subfield>
            <subfield code="2">unbist</subfield>
            <subfield code="a">ILLICIT ARMS TRAFFICKING</subfield>
        </datafield>
        <datafield tag="650" ind1="1" ind2="7">
            <subfield code="0">1284129</subfield>
            <subfield code="2">unbist</subfield>
            <subfield code="a">MINE CLEARANCE</subfield>
        </datafield>
        <datafield tag="793" ind1=" " ind2=" ">
            <subfield code="a">01</subfield>
        </datafield>
        <datafield tag="856" ind1="4" ind2=" ">
            <subfield code="s">562149</subfield>
            <subfield code="u">http://digitallibrary.un.org/record/733888/files/A_C.1_66_PV.16-AR.pdf</subfield>
            <subfield code="y">العربية</subfield>
        </datafield>
        <datafield tag="856" ind1="4" ind2=" ">
            <subfield code="s">371030</subfield>
            <subfield code="u">http://digitallibrary.un.org/record/733888/files/A_C.1_66_PV.16-ZH.pdf</subfield>
            <subfield code="y">中文</subfield>
        </datafield>
        <datafield tag="856" ind1="4" ind2=" ">
            <subfield code="s">1019950</subfield>
            <subfield code="u">http://digitallibrary.un.org/record/733888/files/A_C.1_66_PV.16-EN.pdf</subfield>
            <subfield code="y">English</subfield>
        </datafield>
        <datafield tag="856" ind1="4" ind2=" ">
            <subfield code="s">304405</subfield>
            <subfield code="u">http://digitallibrary.un.org/record/733888/files/A_C.1_66_PV.16-FR.pdf</subfield>
            <subfield code="y">Français</subfield>
        </datafield>
        <datafield tag="856" ind1="4" ind2=" ">
            <subfield code="s">827510</subfield>
            <subfield code="u">http://digitallibrary.un.org/record/733888/files/A_C.1_66_PV.16-RU.pdf</subfield>
            <subfield code="y">Русский</subfield>
        </datafield>
        <datafield tag="856" ind1="4" ind2=" ">
            <subfield code="s">298616</subfield>
            <subfield code="u">http://digitallibrary.un.org/record/733888/files/A_C.1_66_PV.16-ES.pdf</subfield>
            <subfield code="y">Español</subfield>
        </datafield>
        <datafield tag="930" ind1=" " ind2=" ">
            <subfield code="a">UNDSE12</subfield>
        </datafield>
        <datafield tag="949" ind1=" " ind2=" ">
            <subfield code="9">A(01)/R3</subfield>
            <subfield code="b">10000000981386</subfield>
            <subfield code="c">c. 1</subfield>
            <subfield code="d">20120916200000</subfield>
            <subfield code="i">1863735</subfield>
            <subfield code="k">unes</subfield>
            <subfield code="l">DHL</subfield>
            <subfield code="m">14day</subfield>
            <subfield code="z">t</subfield>
        </datafield>
        <datafield tag="980" ind1=" " ind2=" ">
            <subfield code="a">BIB</subfield>
        </datafield>
        <datafield tag="989" ind1=" " ind2=" ">
            <subfield code="a">Documents and Publications</subfield>
            <subfield code="b">Meeting Records</subfield>
            <subfield code="c">Verbatim Records</subfield>
        </datafield>
        <datafield tag="991" ind1="1" ind2=" ">
            <subfield code="0">1230644</subfield>
            <subfield code="a">A/66/251</subfield>
            <subfield code="b">87b</subfield>
            <subfield code="c">Objective information on military matters, including transparency of military expenditures.</subfield>
            <subfield code="d">MILITARY EXPENDITURES</subfield>
            <subfield code="z">I</subfield>
        </datafield>
        <datafield tag="991" ind1="1" ind2=" ">
            <subfield code="0">1236440</subfield>
            <subfield code="a">A/66/251</subfield>
            <subfield code="b">98</subfield>
            <subfield code="c">General and complete disarmament.</subfield>
            <subfield code="d">DISARMAMENT--GENERAL AND COMPLETE</subfield>
            <subfield code="z">I</subfield>
        </datafield>
        <datafield tag="991" ind1="1" ind2=" ">
            <subfield code="0">1230659</subfield>
            <subfield code="a">A/66/251</subfield>
            <subfield code="b">98e</subfield>
            <subfield code="c">Towards an Arms Trade Treaty : establishing common international standards for the import, export and transfer of conventional arms.</subfield>
            <subfield code="d">ARMS TRANSFERS--INTERNATIONAL INSTRUMENTS</subfield>
            <subfield code="z">I</subfield>
        </datafield>
        <datafield tag="991" ind1="1" ind2=" ">
            <subfield code="0">1230660</subfield>
            <subfield code="a">A/66/251</subfield>
            <subfield code="b">98f</subfield>
            <subfield code="c">Problems arising from the accumulation of conventional ammunition stockpiles in surplus.</subfield>
            <subfield code="d">CONVENTIONAL WEAPONS</subfield>
            <subfield code="z">I</subfield>
        </datafield>
        <datafield tag="991" ind1="1" ind2=" ">
            <subfield code="0">1230661</subfield>
            <subfield code="a">A/66/251</subfield>
            <subfield code="b">98g</subfield>
            <subfield code="c">Transparency in armaments.</subfield>
            <subfield code="d">ARMS TRANSFERS--TRANSPARENCY</subfield>
            <subfield code="z">I</subfield>
        </datafield>
        <datafield tag="991" ind1="1" ind2=" ">
            <subfield code="0">1230680</subfield>
            <subfield code="a">A/66/251</subfield>
            <subfield code="b">98j</subfield>
            <subfield code="c">Confidence-building measures in the regional and subregional context.</subfield>
            <subfield code="d">CONFIDENCE-BUILDING MEASURES</subfield>
            <subfield code="z">I</subfield>
        </datafield>
        <datafield tag="991" ind1="1" ind2=" ">
            <subfield code="0">1230681</subfield>
            <subfield code="a">A/66/251</subfield>
            <subfield code="b">98k</subfield>
            <subfield code="c">Assistance to States for curbing the illicit traffic in small arms and light weapons and collecting them.</subfield>
            <subfield code="d">SMALL ARMS--ILLICIT TRAFFIC--ASSISTANCE</subfield>
            <subfield code="z">I</subfield>
        </datafield>
        <datafield tag="991" ind1="1" ind2=" ">
            <subfield code="0">1230690</subfield>
            <subfield code="a">A/66/251</subfield>
            <subfield code="b">98t</subfield>
            <subfield code="c">The illicit trade in small arms and light weapons in all its aspects.</subfield>
            <subfield code="d">SMALL ARMS--ILLICIT TRAFFIC</subfield>
            <subfield code="z">I</subfield>
        </datafield>
        <datafield tag="991" ind1="1" ind2=" ">
            <subfield code="0">1230708</subfield>
            <subfield code="a">A/66/251</subfield>
            <subfield code="b">102</subfield>
            <subfield code="c">Convention on Prohibitions or Restrictions on the Use of Certain Conventional Weapons Which May Be Deemed to Be Excessively Injurious or to Have Indiscriminate Effects.</subfield>
            <subfield code="d">CONVENTIONAL WEAPONS--TREATY (1980)</subfield>
            <subfield code="z">I</subfield>
        </datafield>
        <datafield tag="991" ind1="1" ind2=" ">
            <subfield code="0">1230716</subfield>
            <subfield code="a">A/66/251</subfield>
            <subfield code="b">105</subfield>
            <subfield code="c">Convention on the Prohibition of the Development, Production and Stockpiling of Bacteriological (Biological) and Toxin Weapons and on Their Destruction.</subfield>
            <subfield code="d">BIOLOGICAL WEAPONS--TREATY (1972)</subfield>
            <subfield code="z">I</subfield>
        </datafield>
        <datafield tag="992" ind1=" " ind2=" ">
            <subfield code="a">20111019</subfield>
        </datafield>
        <datafield tag="998" ind1=" " ind2=" ">
            <subfield code="a">20120917051100</subfield>
            <subfield code="b">mlcat</subfield>
            <subfield code="c">20151209102400</subfield>
            <subfield code="d">mhref</subfield>
        </datafield>
        <datafield tag="999" ind1=" " ind2=" ">
            <subfield code="a">jmu20120928</subfield>
            <subfield code="b">20120928</subfield>
            <subfield code="c">u</subfield>
        </datafield>
        <datafield tag="999" ind1=" " ind2=" ">
            <subfield code="a">jmc20120917</subfield>
            <subfield code="b">20120917</subfield>
            <subfield code="c">c</subfield>
        </datafield>
        <datafield tag="999" ind1=" " ind2=" ">
            <subfield code="a">slr20120917</subfield>
            <subfield code="b">20120917</subfield>
            <subfield code="c">r</subfield>
        </datafield>
        <datafield tag="999" ind1=" " ind2=" ">
            <subfield code="a">mleq20120917</subfield>
            <subfield code="b">20120917</subfield>
            <subfield code="c">q</subfield>
        </datafield>
        <datafield tag="999" ind1=" " ind2=" ">
            <subfield code="a">vwt20121126</subfield>
            <subfield code="b">20121126</subfield>
            <subfield code="c">t</subfield>
        </datafield>
        <datafield tag="999" ind1=" " ind2=" ">
            <subfield code="a">vwu20121212</subfield>
            <subfield code="b">20121212</subfield>
            <subfield code="c">u</subfield>
        </datafield>
    </record>