

    
    <record>
        <controlfield tag="001">733887</controlfield>
        <controlfield tag="000">00000nam\\2200025#a\4500</controlfield>
        <controlfield tag="005">20170412204409.0</controlfield>
        <controlfield tag="008">120917s2011\\\\usa\\\\#r\\\\\|||1|\eng\d</controlfield>
        <datafield tag="029" ind1=" " ind2=" ">
            <subfield code="a">JN</subfield>
            <subfield code="b">N1155043 E</subfield>
        </datafield>
        <datafield tag="035" ind1=" " ind2=" ">
            <subfield code="a">D0391781</subfield>
        </datafield>
        <datafield tag="035" ind1=" " ind2=" ">
            <subfield code="a">(DHL)981385</subfield>
        </datafield>
        <datafield tag="039" ind1=" " ind2=" ">
            <subfield code="a">DHU</subfield>
        </datafield>
        <datafield tag="040" ind1=" " ind2=" ">
            <subfield code="a">NNUN</subfield>
            <subfield code="b">eng</subfield>
        </datafield>
        <datafield tag="041" ind1=" " ind2=" ">
            <subfield code="a">arachiengfrerusspa</subfield>
        </datafield>
        <datafield tag="049" ind1=" " ind2=" ">
            <subfield code="a">usa</subfield>
        </datafield>
        <datafield tag="089" ind1=" " ind2=" ">
            <subfield code="b">B03</subfield>
        </datafield>
        <datafield tag="091" ind1=" " ind2=" ">
            <subfield code="a">GEN</subfield>
        </datafield>
        <datafield tag="099" ind1=" " ind2=" ">
            <subfield code="a">UNH</subfield>
            <subfield code="b">DHU</subfield>
            <subfield code="c">A(01)/R3</subfield>
            <subfield code="q">A01R3</subfield>
        </datafield>
        <datafield tag="191" ind1=" " ind2=" ">
            <subfield code="0">1228994</subfield>
            <subfield code="9">G11</subfield>
            <subfield code="a">A/C.1/66/PV.14</subfield>
            <subfield code="b">A/</subfield>
            <subfield code="c">66</subfield>
            <subfield code="q">AC166PV14</subfield>
            <subfield code="r">A66</subfield>
        </datafield>
        <datafield tag="245" ind1="1" ind2="0">
            <subfield code="a">General Assembly official records, 66th session :</subfield>
            <subfield code="b">1st Committee, 14th meeting, Monday, 17 October 2011, New York</subfield>
        </datafield>
        <datafield tag="260" ind1=" " ind2=" ">
            <subfield code="a">[New York] :</subfield>
            <subfield code="b">UN,</subfield>
            <subfield code="c">[2011]</subfield>
        </datafield>
        <datafield tag="269" ind1=" " ind2=" ">
            <subfield code="a">2011</subfield>
        </datafield>
        <datafield tag="300" ind1=" " ind2=" ">
            <subfield code="a">23 p.</subfield>
        </datafield>
        <datafield tag="495" ind1=" " ind2=" ">
            <subfield code="a">GAOR, 66th sess., 1st Committee</subfield>
        </datafield>
        <datafield tag="610" ind1="2" ind2="7">
            <subfield code="0">869660</subfield>
            <subfield code="2">unbisn</subfield>
            <subfield code="a">UN. Conference on Disarmament</subfield>
        </datafield>
        <datafield tag="610" ind1="2" ind2="7">
            <subfield code="0">1233260</subfield>
            <subfield code="2">unbisn</subfield>
            <subfield code="a">UN. Group of Governmental Experts on the Operation and Further Development of the United Nations Standardized Instrument for Reporting Military Expenditures</subfield>
        </datafield>
        <datafield tag="610" ind1="2" ind2="7">
            <subfield code="0">1226179</subfield>
            <subfield code="2">unbisn</subfield>
            <subfield code="a">UN. Preparatory Committee for the United Nations Conference on the Arms Trade Treaty</subfield>
        </datafield>
        <datafield tag="611" ind1="2" ind2="7">
            <subfield code="0">1182579</subfield>
            <subfield code="2">unbisn</subfield>
            <subfield code="a">Review Conference of the Parties to the Convention on the Prohibition of the Development, Production and Stockpiling of Bacteriological (Biological) and Toxin Weapons and on Their Destruction (7th : 2011 : Geneva)</subfield>
        </datafield>
        <datafield tag="630" ind1="0" ind2="7">
            <subfield code="0">891521</subfield>
            <subfield code="2">unbisn</subfield>
            <subfield code="a">Convention on the Prohibition of the Development, Production, Stockpiling and Use of Chemical Weapons and on their Destruction (1993)</subfield>
        </datafield>
        <datafield tag="650" ind1="1" ind2="7">
            <subfield code="0">1277982</subfield>
            <subfield code="2">unbist</subfield>
            <subfield code="a">CHEMICAL WEAPONS</subfield>
        </datafield>
        <datafield tag="650" ind1="1" ind2="7">
            <subfield code="0">1277980</subfield>
            <subfield code="2">unbist</subfield>
            <subfield code="a">BIOLOGICAL WEAPONS</subfield>
        </datafield>
        <datafield tag="650" ind1="1" ind2="7">
            <subfield code="0">1283630</subfield>
            <subfield code="2">unbist</subfield>
            <subfield code="a">SPACE DEBRIS</subfield>
        </datafield>
        <datafield tag="650" ind1="1" ind2="7">
            <subfield code="0">1283062</subfield>
            <subfield code="2">unbist</subfield>
            <subfield code="a">SPACE EXPLORATION</subfield>
        </datafield>
        <datafield tag="650" ind1="1" ind2="7">
            <subfield code="0">1277975</subfield>
            <subfield code="2">unbist</subfield>
            <subfield code="a">ARMS RACE</subfield>
        </datafield>
        <datafield tag="793" ind1=" " ind2=" ">
            <subfield code="a">01</subfield>
        </datafield>
        <datafield tag="856" ind1="4" ind2=" ">
            <subfield code="s">529184</subfield>
            <subfield code="u">http://digitallibrary.un.org/record/733887/files/A_C.1_66_PV.14-AR.pdf</subfield>
            <subfield code="y">العربية</subfield>
        </datafield>
        <datafield tag="856" ind1="4" ind2=" ">
            <subfield code="s">335568</subfield>
            <subfield code="u">http://digitallibrary.un.org/record/733887/files/A_C.1_66_PV.14-ZH.pdf</subfield>
            <subfield code="y">中文</subfield>
        </datafield>
        <datafield tag="856" ind1="4" ind2=" ">
            <subfield code="s">1417299</subfield>
            <subfield code="u">http://digitallibrary.un.org/record/733887/files/A_C.1_66_PV.14-EN.pdf</subfield>
            <subfield code="y">English</subfield>
        </datafield>
        <datafield tag="856" ind1="4" ind2=" ">
            <subfield code="s">235640</subfield>
            <subfield code="u">http://digitallibrary.un.org/record/733887/files/A_C.1_66_PV.14-FR.pdf</subfield>
            <subfield code="y">Français</subfield>
        </datafield>
        <datafield tag="856" ind1="4" ind2=" ">
            <subfield code="s">733084</subfield>
            <subfield code="u">http://digitallibrary.un.org/record/733887/files/A_C.1_66_PV.14-RU.pdf</subfield>
            <subfield code="y">Русский</subfield>
        </datafield>
        <datafield tag="856" ind1="4" ind2=" ">
            <subfield code="s">260539</subfield>
            <subfield code="u">http://digitallibrary.un.org/record/733887/files/A_C.1_66_PV.14-ES.pdf</subfield>
            <subfield code="y">Español</subfield>
        </datafield>
        <datafield tag="930" ind1=" " ind2=" ">
            <subfield code="a">UNDSE12</subfield>
        </datafield>
        <datafield tag="949" ind1=" " ind2=" ">
            <subfield code="9">A(01)/R3</subfield>
            <subfield code="b">10000000981385</subfield>
            <subfield code="c">c. 1</subfield>
            <subfield code="d">20120916200000</subfield>
            <subfield code="i">1863734</subfield>
            <subfield code="k">unes</subfield>
            <subfield code="l">DHL</subfield>
            <subfield code="m">14day</subfield>
            <subfield code="z">t</subfield>
        </datafield>
        <datafield tag="980" ind1=" " ind2=" ">
            <subfield code="a">BIB</subfield>
        </datafield>
        <datafield tag="989" ind1=" " ind2=" ">
            <subfield code="a">Documents and Publications</subfield>
            <subfield code="b">Meeting Records</subfield>
            <subfield code="c">Verbatim Records</subfield>
        </datafield>
        <datafield tag="991" ind1="1" ind2=" ">
            <subfield code="0">1230644</subfield>
            <subfield code="a">A/66/251</subfield>
            <subfield code="b">87b</subfield>
            <subfield code="c">Objective information on military matters, including transparency of military expenditures.</subfield>
            <subfield code="d">MILITARY EXPENDITURES</subfield>
            <subfield code="z">I</subfield>
        </datafield>
        <datafield tag="991" ind1="1" ind2=" ">
            <subfield code="0">1230653</subfield>
            <subfield code="a">A/66/251</subfield>
            <subfield code="b">96</subfield>
            <subfield code="c">Prevention of an arms race in outer space.</subfield>
            <subfield code="d">ARMS RACE--OUTER SPACE</subfield>
            <subfield code="z">I</subfield>
        </datafield>
        <datafield tag="991" ind1="1" ind2=" ">
            <subfield code="0">1230656</subfield>
            <subfield code="a">A/66/251</subfield>
            <subfield code="b">98b</subfield>
            <subfield code="c">Follow-up to nuclear disarmament obligations agreed to at the 1995 and 2000 Review Conferences of the Parties to the Treaty on the Non Proliferation of Nuclear Weapons.</subfield>
            <subfield code="d">NUCLEAR NON-PROLIFERATION--INTERNATIONAL OBLIGATIONS</subfield>
            <subfield code="z">I</subfield>
        </datafield>
        <datafield tag="991" ind1="1" ind2=" ">
            <subfield code="0">1230659</subfield>
            <subfield code="a">A/66/251</subfield>
            <subfield code="b">98e</subfield>
            <subfield code="c">Towards an Arms Trade Treaty : establishing common international standards for the import, export and transfer of conventional arms.</subfield>
            <subfield code="d">ARMS TRANSFERS--INTERNATIONAL INSTRUMENTS</subfield>
            <subfield code="z">I</subfield>
        </datafield>
        <datafield tag="991" ind1="1" ind2=" ">
            <subfield code="0">1230660</subfield>
            <subfield code="a">A/66/251</subfield>
            <subfield code="b">98f</subfield>
            <subfield code="c">Problems arising from the accumulation of conventional ammunition stockpiles in surplus.</subfield>
            <subfield code="d">CONVENTIONAL WEAPONS</subfield>
            <subfield code="z">I</subfield>
        </datafield>
        <datafield tag="991" ind1="1" ind2=" ">
            <subfield code="0">1230681</subfield>
            <subfield code="a">A/66/251</subfield>
            <subfield code="b">98k</subfield>
            <subfield code="c">Assistance to States for curbing the illicit traffic in small arms and light weapons and collecting them.</subfield>
            <subfield code="d">SMALL ARMS--ILLICIT TRAFFIC--ASSISTANCE</subfield>
            <subfield code="z">I</subfield>
        </datafield>
        <datafield tag="991" ind1="1" ind2=" ">
            <subfield code="0">1230686</subfield>
            <subfield code="a">A/66/251</subfield>
            <subfield code="b">98p</subfield>
            <subfield code="c">Implementation of the Convention on the Prohibition of the Development, Production, Stockpiling and Use of Chemical Weapons and on Their Destruction.</subfield>
            <subfield code="d">CHEMICAL WEAPONS--TREATY (1993)</subfield>
            <subfield code="z">I</subfield>
        </datafield>
        <datafield tag="991" ind1="1" ind2=" ">
            <subfield code="0">1230690</subfield>
            <subfield code="a">A/66/251</subfield>
            <subfield code="b">98t</subfield>
            <subfield code="c">The illicit trade in small arms and light weapons in all its aspects.</subfield>
            <subfield code="d">SMALL ARMS--ILLICIT TRAFFIC</subfield>
            <subfield code="z">I</subfield>
        </datafield>
        <datafield tag="991" ind1="1" ind2=" ">
            <subfield code="0">1230693</subfield>
            <subfield code="a">A/66/251</subfield>
            <subfield code="b">98v</subfield>
            <subfield code="c">Transparency and confidence-building measures in outer space activities.</subfield>
            <subfield code="d">OUTER SPACE--CONFIDENCE-BUILDING MEASURES</subfield>
            <subfield code="z">I</subfield>
        </datafield>
        <datafield tag="991" ind1="1" ind2=" ">
            <subfield code="0">1230696</subfield>
            <subfield code="a">A/66/251</subfield>
            <subfield code="b">98y</subfield>
            <subfield code="c">Missiles.</subfield>
            <subfield code="d">BALLISTIC MISSILES</subfield>
            <subfield code="z">I</subfield>
        </datafield>
        <datafield tag="991" ind1="1" ind2=" ">
            <subfield code="0">1230716</subfield>
            <subfield code="a">A/66/251</subfield>
            <subfield code="b">105</subfield>
            <subfield code="c">Convention on the Prohibition of the Development, Production and Stockpiling of Bacteriological (Biological) and Toxin Weapons and on Their Destruction.</subfield>
            <subfield code="d">BIOLOGICAL WEAPONS--TREATY (1972)</subfield>
            <subfield code="z">I</subfield>
        </datafield>
        <datafield tag="991" ind1="1" ind2=" ">
            <subfield code="0">1230717</subfield>
            <subfield code="a">A/66/251</subfield>
            <subfield code="b">106</subfield>
            <subfield code="c">Revitalizing the work of the Conference on Disarmament and taking forward multilateral disarmament negotiations.</subfield>
            <subfield code="d">UN. CONFERENCE ON DISARMAMENT</subfield>
            <subfield code="z">I</subfield>
        </datafield>
        <datafield tag="992" ind1=" " ind2=" ">
            <subfield code="a">20111017</subfield>
        </datafield>
        <datafield tag="998" ind1=" " ind2=" ">
            <subfield code="a">20120917051000</subfield>
            <subfield code="b">mlcat</subfield>
            <subfield code="c">20151209102400</subfield>
            <subfield code="d">mhref</subfield>
        </datafield>
        <datafield tag="999" ind1=" " ind2=" ">
            <subfield code="a">jmu20121019</subfield>
            <subfield code="b">20121019</subfield>
            <subfield code="c">u</subfield>
        </datafield>
        <datafield tag="999" ind1=" " ind2=" ">
            <subfield code="a">slr20120917</subfield>
            <subfield code="b">20120917</subfield>
            <subfield code="c">r</subfield>
        </datafield>
        <datafield tag="999" ind1=" " ind2=" ">
            <subfield code="a">jmc20120917</subfield>
            <subfield code="b">20120917</subfield>
            <subfield code="c">c</subfield>
        </datafield>
        <datafield tag="999" ind1=" " ind2=" ">
            <subfield code="a">mleq20120917</subfield>
            <subfield code="b">20120917</subfield>
            <subfield code="c">q</subfield>
        </datafield>
        <datafield tag="999" ind1=" " ind2=" ">
            <subfield code="a">vwt20121126</subfield>
            <subfield code="b">20121126</subfield>
            <subfield code="c">t</subfield>
        </datafield>
        <datafield tag="999" ind1=" " ind2=" ">
            <subfield code="a">vwu20121212</subfield>
            <subfield code="b">20121212</subfield>
            <subfield code="c">u</subfield>
        </datafield>
    </record>