

    
<record>
  <controlfield tag="000">00000nam  2200025#a 450</controlfield>
  <controlfield tag="001">723808</controlfield>
  <controlfield tag="005">20171108004652.0</controlfield>
  <controlfield tag="008">120330s2011    usa    #r     |||1| eng d</controlfield>
  <datafield tag="022" ind1=" " ind2=" ">
    <subfield code="a">0257-1501</subfield>
  </datafield>
  <datafield tag="029" ind1=" " ind2=" ">
    <subfield code="a">JN</subfield>
    <subfield code="b">N1224562 E</subfield>
  </datafield>
  <datafield tag="035" ind1=" " ind2=" ">
    <subfield code="a">D969993X</subfield>
    <subfield code="z">D0387705</subfield>
  </datafield>
  <datafield tag="035" ind1=" " ind2=" ">
    <subfield code="a">(DHL)969993</subfield>
  </datafield>
  <datafield tag="039" ind1=" " ind2=" ">
    <subfield code="a">DHU</subfield>
  </datafield>
  <datafield tag="040" ind1=" " ind2=" ">
    <subfield code="a">NNUN</subfield>
    <subfield code="b">eng</subfield>
  </datafield>
  <datafield tag="041" ind1="0" ind2=" ">
    <subfield code="a">arachiengfrerusspa</subfield>
  </datafield>
  <datafield tag="049" ind1=" " ind2=" ">
    <subfield code="a">usa</subfield>
  </datafield>
  <datafield tag="089" ind1=" " ind2=" ">
    <subfield code="b">B04</subfield>
  </datafield>
  <datafield tag="091" ind1=" " ind2=" ">
    <subfield code="a">GEN</subfield>
  </datafield>
  <datafield tag="099" ind1=" " ind2=" ">
    <subfield code="a">UNH</subfield>
    <subfield code="b">DHU</subfield>
    <subfield code="c">E(01)/R3</subfield>
    <subfield code="q">E01R3</subfield>
  </datafield>
  <datafield tag="191" ind1=" " ind2=" ">
    <subfield code="a">E/2011/35</subfield>
    <subfield code="b">E/</subfield>
    <subfield code="c">2011-S</subfield>
    <subfield code="9">C00</subfield>
    <subfield code="q">E201135</subfield>
    <subfield code="r">E2011S</subfield>
    <subfield code="0">(DHLAUTH)792541</subfield>
  </datafield>
  <datafield tag="245" ind1="1" ind2="0">
    <subfield code="a">Executive Board of the United Nations Development Programme, the United Nations Population Fund and the United Nations Office for Project Services :</subfield>
    <subfield code="b">report of the Executive Board on its work during 2011</subfield>
  </datafield>
  <datafield tag="260" ind1=" " ind2=" ">
    <subfield code="a">New York :</subfield>
    <subfield code="b">UN,</subfield>
    <subfield code="c">2011</subfield>
  </datafield>
  <datafield tag="269" ind1=" " ind2=" ">
    <subfield code="a">2011</subfield>
  </datafield>
  <datafield tag="300" ind1=" " ind2=" ">
    <subfield code="a">v, 120 p.</subfield>
  </datafield>
  <datafield tag="495" ind1=" " ind2=" ">
    <subfield code="a">ESCOR, 2011, Suppl. no. 15</subfield>
  </datafield>
  <datafield tag="500" ind1=" " ind2=" ">
    <subfield code="a">Annexes (p. 73-120): 1. Decisions adopted by the Executive Board during 2011 -- 2. Membership of the Executive Board in 2011.</subfield>
  </datafield>
  <datafield tag="610" ind1="2" ind2="7">
    <subfield code="a">UNDP/UNFPA/UNOPS Executive Board (2011, 1st sess. : New York)</subfield>
    <subfield code="g">Work organization</subfield>
    <subfield code="2">unbisn</subfield>
    <subfield code="0">(DHLAUTH)798969</subfield>
  </datafield>
  <datafield tag="610" ind1="2" ind2="7">
    <subfield code="a">UNDP/UNFPA Executive Board (2011, annual sess. : New York)</subfield>
    <subfield code="g">Work organization</subfield>
    <subfield code="2">unbisn</subfield>
    <subfield code="0">(DHLAUTH)798621</subfield>
  </datafield>
  <datafield tag="610" ind1="2" ind2="7">
    <subfield code="2">unbisn</subfield>
    <subfield code="a">UNDP/UNFPA/UNOPS Executive Board (2011, 2nd sess. : New York)</subfield>
    <subfield code="g">Work organization</subfield>
    <subfield code="0">(DHLAUTH)815284</subfield>
  </datafield>
  <datafield tag="610" ind1="2" ind2="7">
    <subfield code="a">UN Volunteers</subfield>
    <subfield code="2">unbisn</subfield>
    <subfield code="0">(DHLAUTH)52569</subfield>
  </datafield>
  <datafield tag="610" ind1="2" ind2="7">
    <subfield code="a">UNDP. Ethics Office</subfield>
    <subfield code="2">unbisn</subfield>
    <subfield code="0">(DHLAUTH)763365</subfield>
  </datafield>
  <datafield tag="610" ind1="0" ind2="7">
    <subfield code="a">UNDP</subfield>
    <subfield code="g">Programme management</subfield>
    <subfield code="2">unbisn</subfield>
    <subfield code="0">(DHLAUTH)328857</subfield>
  </datafield>
  <datafield tag="610" ind1="2" ind2="7">
    <subfield code="a">UNFPA</subfield>
    <subfield code="g">Programme management</subfield>
    <subfield code="2">unbisn</subfield>
    <subfield code="0">(DHLAUTH)316686</subfield>
  </datafield>
  <datafield tag="610" ind1="2" ind2="7">
    <subfield code="a">UN. Office for Project Services</subfield>
    <subfield code="g">Programme management</subfield>
    <subfield code="2">unbisn</subfield>
    <subfield code="0">(DHLAUTH)689970</subfield>
  </datafield>
  <datafield tag="610" ind1="2" ind2="7">
    <subfield code="a">UN Capital Development Fund</subfield>
    <subfield code="2">unbisn</subfield>
    <subfield code="0">(DHLAUTH)53099</subfield>
  </datafield>
  <datafield tag="610" ind1="2" ind2="7">
    <subfield code="a">UN. Board of Auditors</subfield>
    <subfield code="g">Recommendations</subfield>
    <subfield code="2">unbisn</subfield>
    <subfield code="0">(DHLAUTH)359615</subfield>
  </datafield>
  <datafield tag="610" ind1="2" ind2="7">
    <subfield code="a">UNDP</subfield>
    <subfield code="g">Financing</subfield>
    <subfield code="2">unbisn</subfield>
    <subfield code="0">(DHLAUTH)329518</subfield>
  </datafield>
  <datafield tag="610" ind1="2" ind2="7">
    <subfield code="a">UNFPA</subfield>
    <subfield code="g">Financing</subfield>
    <subfield code="2">unbisn</subfield>
    <subfield code="0">(DHLAUTH)342244</subfield>
  </datafield>
  <datafield tag="610" ind1="2" ind2="7">
    <subfield code="a">UNDP/UNFPA/UNOPS Executive Board (2011, 1st sess. : New York)</subfield>
    <subfield code="g">Resolutions and decisions</subfield>
    <subfield code="2">unbisn</subfield>
    <subfield code="0">(DHLAUTH)797571</subfield>
  </datafield>
  <datafield tag="610" ind1="2" ind2="7">
    <subfield code="a">UNDP/UNFPA Executive Board (2011, annual sess. : New York)</subfield>
    <subfield code="g">Resolutions and decisions</subfield>
    <subfield code="2">unbisn</subfield>
    <subfield code="0">(DHLAUTH)815285</subfield>
  </datafield>
  <datafield tag="610" ind1="2" ind2="7">
    <subfield code="2">unbisn</subfield>
    <subfield code="a">UNDP/UNFPA/UNOPS Executive Board (2011, 2nd sess. : New York)</subfield>
    <subfield code="g">Resolutions and decisions</subfield>
    <subfield code="0">(DHLAUTH)815286</subfield>
  </datafield>
  <datafield tag="610" ind1="2" ind2="7">
    <subfield code="2">unbisn</subfield>
    <subfield code="a">Joint United Nations Programme on HIV/AIDS</subfield>
    <subfield code="0">(DHLAUTH)242153</subfield>
  </datafield>
  <datafield tag="610" ind1="2" ind2="7">
    <subfield code="a">UNDP/UNFPA/UNOPS Executive Board</subfield>
    <subfield code="g">Activities (2011)</subfield>
    <subfield code="2">unbisn</subfield>
    <subfield code="0">(DHLAUTH)815287</subfield>
  </datafield>
  <datafield tag="610" ind1="2" ind2="7">
    <subfield code="a">UNDP/UNFPA/UNOPS Executive Board</subfield>
    <subfield code="g">Members</subfield>
    <subfield code="2">unbisn</subfield>
    <subfield code="0">(DHLAUTH)795201</subfield>
  </datafield>
  <datafield tag="650" ind1="1" ind2="7">
    <subfield code="a">COUNTRY PROGRAMMES</subfield>
    <subfield code="2">unbist</subfield>
    <subfield code="0">(DHLAUTH)13421</subfield>
  </datafield>
  <datafield tag="650" ind1="1" ind2="7">
    <subfield code="a">DEVELOPMENT ASSISTANCE</subfield>
    <subfield code="2">unbist</subfield>
    <subfield code="0">(DHLAUTH)268659</subfield>
  </datafield>
  <datafield tag="650" ind1="1" ind2="7">
    <subfield code="a">POPULATION PROGRAMMES</subfield>
    <subfield code="2">unbist</subfield>
    <subfield code="0">(DHLAUTH)273110</subfield>
  </datafield>
  <datafield tag="650" ind1="1" ind2="7">
    <subfield code="a">OPERATIONAL ACTIVITIES</subfield>
    <subfield code="2">unbist</subfield>
    <subfield code="0">(DHLAUTH)269992</subfield>
  </datafield>
  <datafield tag="650" ind1="1" ind2="7">
    <subfield code="a">TECHNICAL COOPERATION</subfield>
    <subfield code="2">unbist</subfield>
    <subfield code="0">(DHLAUTH)268658</subfield>
  </datafield>
  <datafield tag="650" ind1="2" ind2="7">
    <subfield code="a">PROGRAMME EVALUATION</subfield>
    <subfield code="2">unbist</subfield>
    <subfield code="0">(DHLAUTH)269962</subfield>
  </datafield>
  <datafield tag="650" ind1="2" ind2="7">
    <subfield code="a">GENDER EQUALITY</subfield>
    <subfield code="2">unbist</subfield>
    <subfield code="0">(DHLAUTH)441178</subfield>
  </datafield>
  <datafield tag="650" ind1="2" ind2="7">
    <subfield code="a">INTERNAL OVERSIGHT</subfield>
    <subfield code="2">unbist</subfield>
    <subfield code="0">(DHLAUTH)480880</subfield>
  </datafield>
  <datafield tag="650" ind1="2" ind2="7">
    <subfield code="a">FIELD VISITS</subfield>
    <subfield code="2">unbist</subfield>
    <subfield code="0">(DHLAUTH)275795</subfield>
  </datafield>
  <datafield tag="650" ind1="2" ind2="7">
    <subfield code="a">TRUST FUNDS</subfield>
    <subfield code="2">unbist</subfield>
    <subfield code="0">(DHLAUTH)270424</subfield>
  </datafield>
  <datafield tag="650" ind1="2" ind2="7">
    <subfield code="a">AIDS PREVENTION</subfield>
    <subfield code="2">unbist</subfield>
    <subfield code="0">(DHLAUTH)273800</subfield>
  </datafield>
  <datafield tag="710" ind1="2" ind2=" ">
    <subfield code="a">UNDP/UNFPA/UNOPS Executive Board</subfield>
    <subfield code="0">(DHLAUTH)790465</subfield>
  </datafield>
  <datafield tag="830" ind1="0" ind2=" ">
    <subfield code="a">Economic and Social Council. Official Records. Supplement</subfield>
    <subfield code="0">(DHLAUTH)882024</subfield>
  </datafield>
  <datafield tag="830" ind1="0" ind2=" ">
    <subfield code="a">Report of the Executive Board of the UN Development Programme, the UN Population Fund and the UN Office for Project Services</subfield>
    <subfield code="0">(DHLAUTH)882303</subfield>
  </datafield>
  <datafield tag="856" ind1="4" ind2=" ">
    <subfield code="s">1355527</subfield>
    <subfield code="u">http://digitallibrary.un.org/record/723808/files/E_2011_35-AR.pdf</subfield>
    <subfield code="y">العربية</subfield>
  </datafield>
  <datafield tag="856" ind1="4" ind2=" ">
    <subfield code="s">1386337</subfield>
    <subfield code="u">http://digitallibrary.un.org/record/723808/files/E_2011_35-RU.pdf</subfield>
    <subfield code="y">Русский</subfield>
  </datafield>
  <datafield tag="856" ind1="4" ind2=" ">
    <subfield code="s">471390</subfield>
    <subfield code="u">http://digitallibrary.un.org/record/723808/files/E_2011_35-EN.pdf</subfield>
    <subfield code="y">English</subfield>
  </datafield>
  <datafield tag="856" ind1="4" ind2=" ">
    <subfield code="s">554694</subfield>
    <subfield code="u">http://digitallibrary.un.org/record/723808/files/E_2011_35-FR.pdf</subfield>
    <subfield code="y">Français</subfield>
  </datafield>
  <datafield tag="856" ind1="4" ind2=" ">
    <subfield code="s">646882</subfield>
    <subfield code="u">http://digitallibrary.un.org/record/723808/files/E_2011_35-ZH.pdf</subfield>
    <subfield code="y">中文</subfield>
  </datafield>
  <datafield tag="856" ind1="4" ind2=" ">
    <subfield code="s">651870</subfield>
    <subfield code="u">http://digitallibrary.un.org/record/723808/files/E_2011_35-ES.pdf</subfield>
    <subfield code="y">Español</subfield>
  </datafield>
  <datafield tag="930" ind1=" " ind2=" ">
    <subfield code="a">UNDMA12</subfield>
  </datafield>
  <datafield tag="930" ind1=" " ind2=" ">
    <subfield code="a">YBP10e8</subfield>
  </datafield>
  <datafield tag="930" ind1=" " ind2=" ">
    <subfield code="a">YBP11e8</subfield>
  </datafield>
  <datafield tag="930" ind1=" " ind2=" ">
    <subfield code="a">ITPE12S</subfield>
  </datafield>
  <datafield tag="949" ind1=" " ind2=" ">
    <subfield code="9">E(01)/R3</subfield>
    <subfield code="b">1844579.4.1</subfield>
    <subfield code="i">1844579</subfield>
    <subfield code="k">unrs</subfield>
    <subfield code="c">c. 1</subfield>
    <subfield code="l">DHL</subfield>
    <subfield code="z">t</subfield>
    <subfield code="m">14day</subfield>
    <subfield code="d">20120329200000</subfield>
  </datafield>
  <datafield tag="949" ind1=" " ind2=" ">
    <subfield code="9">E(01)/R3</subfield>
    <subfield code="b">1844576.1.1</subfield>
    <subfield code="i">1844576</subfield>
    <subfield code="k">unes</subfield>
    <subfield code="c">c. 1</subfield>
    <subfield code="l">DHL</subfield>
    <subfield code="z">t</subfield>
    <subfield code="m">14day</subfield>
    <subfield code="d">20120329200000</subfield>
  </datafield>
  <datafield tag="949" ind1=" " ind2=" ">
    <subfield code="9">E(01)/R3</subfield>
    <subfield code="b">1844577.2.1</subfield>
    <subfield code="i">1844577</subfield>
    <subfield code="k">uncs</subfield>
    <subfield code="c">c. 1</subfield>
    <subfield code="l">DHL</subfield>
    <subfield code="z">t</subfield>
    <subfield code="m">14day</subfield>
    <subfield code="d">20120329200000</subfield>
  </datafield>
  <datafield tag="949" ind1=" " ind2=" ">
    <subfield code="9">E(01)/R3</subfield>
    <subfield code="b">1844580.5.1</subfield>
    <subfield code="i">1844580</subfield>
    <subfield code="k">unss</subfield>
    <subfield code="c">c. 1</subfield>
    <subfield code="l">DHL</subfield>
    <subfield code="z">t</subfield>
    <subfield code="m">14day</subfield>
    <subfield code="d">20120329200000</subfield>
  </datafield>
  <datafield tag="949" ind1=" " ind2=" ">
    <subfield code="9">E(01)/R3</subfield>
    <subfield code="b">1844578.3.1</subfield>
    <subfield code="i">1844578</subfield>
    <subfield code="k">unfs</subfield>
    <subfield code="c">c. 1</subfield>
    <subfield code="l">DHL</subfield>
    <subfield code="z">t</subfield>
    <subfield code="m">14day</subfield>
    <subfield code="d">20120329200000</subfield>
  </datafield>
  <datafield tag="949" ind1=" " ind2=" ">
    <subfield code="9">E(01)/R3</subfield>
    <subfield code="b">10000000969993</subfield>
    <subfield code="i">1844575</subfield>
    <subfield code="k">unas</subfield>
    <subfield code="c">c. 1</subfield>
    <subfield code="l">DHL</subfield>
    <subfield code="z">t</subfield>
    <subfield code="m">14day</subfield>
    <subfield code="d">20120329200000</subfield>
  </datafield>
  <datafield tag="989" ind1=" " ind2=" ">
    <subfield code="a">Documents and Publications</subfield>
    <subfield code="b">Reports</subfield>
    <subfield code="c">Annual and Sessional Reports</subfield>
  </datafield>
  <datafield tag="989" ind1=" " ind2=" ">
    <subfield code="a">Documents and Publications</subfield>
    <subfield code="b">Publications</subfield>
  </datafield>
  <datafield tag="991" ind1="2" ind2=" ">
    <subfield code="a">E/2011/100</subfield>
    <subfield code="b">3b</subfield>
    <subfield code="c">Reports of the Executive Boards of the United Nations Development Programme/United Nations Population Fund, the United Nations Children's Fund, the United Nations Entity for Gender Equality and the Empowerment of Women and the World Food Programme.</subfield>
    <subfield code="0">(DHLAUTH)798866</subfield>
  </datafield>
  <datafield tag="991" ind1="2" ind2=" ">
    <subfield code="a">E/2011/100</subfield>
    <subfield code="b">3b[1]</subfield>
    <subfield code="d">UNDP/UNFPA/UNOPS</subfield>
    <subfield code="z">I</subfield>
    <subfield code="0">(DHLAUTH)800769</subfield>
  </datafield>
  <datafield tag="991" ind1="2" ind2=" ">
    <subfield code="a">E/2012/100</subfield>
    <subfield code="b">3b[1]</subfield>
    <subfield code="d">UNDP/UNFPA/UNOPS</subfield>
    <subfield code="m">E/</subfield>
    <subfield code="s">2012-S</subfield>
    <subfield code="z">I</subfield>
    <subfield code="0">(DHLAUTH)809781</subfield>
  </datafield>
  <datafield tag="998" ind1=" " ind2=" ">
    <subfield code="a">20120330054800</subfield>
    <subfield code="b">bccat</subfield>
    <subfield code="c">20170508100600</subfield>
    <subfield code="d">shkcat</subfield>
    <subfield code="z">20171107173044</subfield>
  </datafield>
  <datafield tag="999" ind1=" " ind2=" ">
    <subfield code="a">shku20170508</subfield>
    <subfield code="b">20170508</subfield>
    <subfield code="c">u</subfield>
  </datafield>
  <datafield tag="999" ind1=" " ind2=" ">
    <subfield code="a">kakc20120330</subfield>
    <subfield code="b">20120330</subfield>
    <subfield code="c">c</subfield>
  </datafield>
  <datafield tag="999" ind1=" " ind2=" ">
    <subfield code="a">bcq20120330</subfield>
    <subfield code="b">20120330</subfield>
    <subfield code="c">q</subfield>
  </datafield>
  <datafield tag="999" ind1=" " ind2=" ">
    <subfield code="a">slr20120409</subfield>
    <subfield code="b">20120409</subfield>
    <subfield code="c">r</subfield>
  </datafield>
  <datafield tag="999" ind1=" " ind2=" ">
    <subfield code="a">vwt20120402</subfield>
    <subfield code="b">20120402</subfield>
    <subfield code="c">t</subfield>
  </datafield>
  <datafield tag="999" ind1=" " ind2=" ">
    <subfield code="a">RPYu20121219</subfield>
    <subfield code="b">20121219</subfield>
    <subfield code="c">u</subfield>
  </datafield>
  <datafield tag="999" ind1=" " ind2=" ">
    <subfield code="a">vwu20130701</subfield>
    <subfield code="b">20130701</subfield>
    <subfield code="c">u</subfield>
  </datafield>
</record>