

    
    <record>
        <controlfield tag="001">715045</controlfield>
        <controlfield tag="000">00000nam\\2200025#a\4500</controlfield>
        <controlfield tag="005">20170412211739.0</controlfield>
        <controlfield tag="008">111109s2011\\\\usa\\\\#r\\\\\|||1|\eng\d</controlfield>
        <datafield tag="022" ind1=" " ind2=" ">
            <subfield code="a">0252-3507</subfield>
        </datafield>
        <datafield tag="029" ind1=" " ind2=" ">
            <subfield code="a">JN</subfield>
            <subfield code="b">N1155263 E</subfield>
        </datafield>
        <datafield tag="035" ind1=" " ind2=" ">
            <subfield code="a">D0384223</subfield>
        </datafield>
        <datafield tag="035" ind1=" " ind2=" ">
            <subfield code="a">(DHL)960226</subfield>
        </datafield>
        <datafield tag="039" ind1=" " ind2=" ">
            <subfield code="a">DHU</subfield>
        </datafield>
        <datafield tag="040" ind1=" " ind2=" ">
            <subfield code="a">NNUN</subfield>
            <subfield code="b">eng</subfield>
        </datafield>
        <datafield tag="041" ind1=" " ind2=" ">
            <subfield code="a">arachiengfrerusspa</subfield>
        </datafield>
        <datafield tag="049" ind1=" " ind2=" ">
            <subfield code="a">usa</subfield>
        </datafield>
        <datafield tag="089" ind1=" " ind2=" ">
            <subfield code="b">B04</subfield>
        </datafield>
        <datafield tag="091" ind1=" " ind2=" ">
            <subfield code="a">GEN</subfield>
        </datafield>
        <datafield tag="099" ind1=" " ind2=" ">
            <subfield code="a">UNH</subfield>
            <subfield code="b">DHU</subfield>
            <subfield code="c">E(01)/R3</subfield>
            <subfield code="q">E01R3</subfield>
        </datafield>
        <datafield tag="191" ind1=" " ind2=" ">
            <subfield code="0">1228995</subfield>
            <subfield code="9">C00</subfield>
            <subfield code="a">E/2011/34/Rev.1</subfield>
            <subfield code="b">E/</subfield>
            <subfield code="c">2011-S</subfield>
            <subfield code="q">E201134REV1</subfield>
            <subfield code="r">E2011S</subfield>
        </datafield>
        <datafield tag="191" ind1=" " ind2=" ">
            <subfield code="0">1228972</subfield>
            <subfield code="a">E/ICEF/2011/7/Rev.1</subfield>
            <subfield code="b">E/ICEF/</subfield>
            <subfield code="c">2011</subfield>
            <subfield code="q">EICEF20117REV1</subfield>
            <subfield code="r">EICEF2011</subfield>
        </datafield>
        <datafield tag="245" ind1="1" ind2="0">
            <subfield code="a">Executive Board of the United Nations Children's Fund :</subfield>
            <subfield code="b">report on the 1st and 2nd regular sessions and annual session of 2011</subfield>
        </datafield>
        <datafield tag="260" ind1=" " ind2=" ">
            <subfield code="a">New York </subfield>
            <subfield code="b">UN,</subfield>
            <subfield code="c">2011</subfield>
        </datafield>
        <datafield tag="269" ind1=" " ind2=" ">
            <subfield code="a">2011</subfield>
        </datafield>
        <datafield tag="300" ind1=" " ind2=" ">
            <subfield code="a">v, 89 p. :</subfield>
            <subfield code="b">tables</subfield>
        </datafield>
        <datafield tag="495" ind1=" " ind2=" ">
            <subfield code="a">ESCOR, 2011, Suppl. no. 14</subfield>
        </datafield>
        <datafield tag="500" ind1=" " ind2=" ">
            <subfield code="a">"Annex: Decisions adopted by the Executive Board in 2011": p. 68-89.</subfield>
        </datafield>
        <datafield tag="610" ind1="2" ind2="7">
            <subfield code="0">1230176</subfield>
            <subfield code="2">unbisn</subfield>
            <subfield code="a">UNICEF. Executive Board (2011, 1st sess. : New York)</subfield>
            <subfield code="g">Work organization</subfield>
        </datafield>
        <datafield tag="610" ind1="2" ind2="7">
            <subfield code="0">1236150</subfield>
            <subfield code="2">unbisn</subfield>
            <subfield code="a">UNICEF. Executive Board (2011, 2nd sess. : New York)</subfield>
            <subfield code="g">Work organization</subfield>
        </datafield>
        <datafield tag="610" ind1="2" ind2="7">
            <subfield code="0">1233896</subfield>
            <subfield code="2">unbisn</subfield>
            <subfield code="a">UNICEF. Executive Board (2011, annual sess. : New York)</subfield>
            <subfield code="g">Work organization</subfield>
        </datafield>
        <datafield tag="610" ind1="2" ind2="7">
            <subfield code="0">1231413</subfield>
            <subfield code="2">unbisn</subfield>
            <subfield code="a">UNICEF. Executive Board (2011, 1st sess. : New York)</subfield>
            <subfield code="g">Resolutions and decisions</subfield>
        </datafield>
        <datafield tag="610" ind1="2" ind2="7">
            <subfield code="0">1236151</subfield>
            <subfield code="2">unbisn</subfield>
            <subfield code="a">UNICEF. Executive Board (2011, 2nd sess. : New York)</subfield>
            <subfield code="g">Resolutions and decisions</subfield>
        </datafield>
        <datafield tag="610" ind1="2" ind2="7">
            <subfield code="0">1233120</subfield>
            <subfield code="2">unbisn</subfield>
            <subfield code="a">UNICEF. Executive Board (2011, annual sess. : New York)</subfield>
            <subfield code="g">Resolutions and decisions</subfield>
        </datafield>
        <datafield tag="610" ind1="2" ind2="7">
            <subfield code="0">945781</subfield>
            <subfield code="2">unbisn</subfield>
            <subfield code="a">UNICEF. Executive Board</subfield>
            <subfield code="g">Officers</subfield>
        </datafield>
        <datafield tag="610" ind1="2" ind2="7">
            <subfield code="0">864444</subfield>
            <subfield code="2">unbisn</subfield>
            <subfield code="a">UNICEF</subfield>
            <subfield code="g">Programme management</subfield>
        </datafield>
        <datafield tag="610" ind1="2" ind2="7">
            <subfield code="0">1109534</subfield>
            <subfield code="2">unbisn</subfield>
            <subfield code="a">Global Fund to Fight AIDS, Tuberculosis and Malaria</subfield>
        </datafield>
        <datafield tag="610" ind1="2" ind2="7">
            <subfield code="0">1226421</subfield>
            <subfield code="2">unbisn</subfield>
            <subfield code="a">UNICEF. Ethics Office</subfield>
        </datafield>
        <datafield tag="610" ind1="2" ind2="7">
            <subfield code="0">1213491</subfield>
            <subfield code="2">unbisn unbisn</subfield>
            <subfield code="a">UNICEF</subfield>
            <subfield code="g">Medium-term plan (2006-2013)</subfield>
        </datafield>
        <datafield tag="610" ind1="2" ind2="7">
            <subfield code="0">1236153</subfield>
            <subfield code="2">unbisn</subfield>
            <subfield code="a">UNICEF. Executive Board</subfield>
            <subfield code="g">Work programme (2012)</subfield>
        </datafield>
        <datafield tag="611" ind1="2" ind2="7">
            <subfield code="0">1231477</subfield>
            <subfield code="2">unbisn</subfield>
            <subfield code="a">Joint Meeting of the Executive Boards of UNDP/UNFPA/UNOPS, UNICEF, UN-Women and WFP (2011 : New York)</subfield>
        </datafield>
        <datafield tag="630" ind1="0" ind2="7">
            <subfield code="0">1129919</subfield>
            <subfield code="2">unbisn</subfield>
            <subfield code="a">Millennium Development Goals</subfield>
        </datafield>
        <datafield tag="650" ind1="1" ind2="7">
            <subfield code="0">1280465</subfield>
            <subfield code="2">unbist</subfield>
            <subfield code="a">CHILD DEVELOPMENT</subfield>
        </datafield>
        <datafield tag="650" ind1="1" ind2="7">
            <subfield code="0">1280063</subfield>
            <subfield code="2">unbist</subfield>
            <subfield code="a">CHILDREN</subfield>
        </datafield>
        <datafield tag="650" ind1="1" ind2="7">
            <subfield code="0">1282531</subfield>
            <subfield code="2">unbist</subfield>
            <subfield code="a">COUNTRY PROGRAMMES</subfield>
        </datafield>
        <datafield tag="650" ind1="1" ind2="7">
            <subfield code="0">1282630</subfield>
            <subfield code="2">unbist</subfield>
            <subfield code="a">OPERATIONAL ACTIVITIES</subfield>
        </datafield>
        <datafield tag="650" ind1="1" ind2="7">
            <subfield code="0">1278475</subfield>
            <subfield code="2">unbist</subfield>
            <subfield code="a">PROGRAMME BUDGETING</subfield>
        </datafield>
        <datafield tag="650" ind1="2" ind2="7">
            <subfield code="0">1284528</subfield>
            <subfield code="2">unbist</subfield>
            <subfield code="a">KNOWLEDGE MANAGEMENT</subfield>
        </datafield>
        <datafield tag="650" ind1="2" ind2="7">
            <subfield code="0">1281005</subfield>
            <subfield code="2">unbist</subfield>
            <subfield code="a">HUMANITARIAN ASSISTANCE</subfield>
        </datafield>
        <datafield tag="650" ind1="2" ind2="7">
            <subfield code="0">1279405</subfield>
            <subfield code="2">unbist</subfield>
            <subfield code="a">FINANCIAL STATEMENTS</subfield>
        </datafield>
        <datafield tag="650" ind1="2" ind2="7">
            <subfield code="0">1283238</subfield>
            <subfield code="2">unbist</subfield>
            <subfield code="a">FUND-RAISING</subfield>
        </datafield>
        <datafield tag="650" ind1="2" ind2="7">
            <subfield code="0">1283240</subfield>
            <subfield code="2">unbist</subfield>
            <subfield code="a">PLEDGING CONFERENCES</subfield>
        </datafield>
        <datafield tag="650" ind1="2" ind2="7">
            <subfield code="0">1280733</subfield>
            <subfield code="2">unbist</subfield>
            <subfield code="a">BASIC EDUCATION</subfield>
        </datafield>
        <datafield tag="650" ind1="2" ind2="7">
            <subfield code="0">1284353</subfield>
            <subfield code="2">unbist</subfield>
            <subfield code="a">GENDER EQUALITY</subfield>
        </datafield>
        <datafield tag="650" ind1="2" ind2="7">
            <subfield code="0">1284473</subfield>
            <subfield code="2">unbist</subfield>
            <subfield code="a">GENDER MAINSTREAMING</subfield>
        </datafield>
        <datafield tag="650" ind1="2" ind2="7">
            <subfield code="0">1280990</subfield>
            <subfield code="2">unbist</subfield>
            <subfield code="a">EMERGENCY RELIEF</subfield>
        </datafield>
        <datafield tag="650" ind1="2" ind2="7">
            <subfield code="0">1277901</subfield>
            <subfield code="2">unbist</subfield>
            <subfield code="a">COORDINATION WITHIN UN SYSTEM</subfield>
        </datafield>
        <datafield tag="650" ind1="2" ind2="7">
            <subfield code="0">1283988</subfield>
            <subfield code="2">unbist</subfield>
            <subfield code="a">FIELD VISITS</subfield>
        </datafield>
        <datafield tag="650" ind1="2" ind2="7">
            <subfield code="0">1282565</subfield>
            <subfield code="2">unbist</subfield>
            <subfield code="a">PROGRAMME EVALUATION</subfield>
        </datafield>
        <datafield tag="650" ind1="2" ind2="7">
            <subfield code="0">1279388</subfield>
            <subfield code="2">unbist</subfield>
            <subfield code="a">AUDITING</subfield>
        </datafield>
        <datafield tag="710" ind1="2" ind2=" ">
            <subfield code="0">1230919</subfield>
            <subfield code="a">UNICEF. Executive Board (2011, 1st sess. : New York)</subfield>
        </datafield>
        <datafield tag="710" ind1="2" ind2=" ">
            <subfield code="0">1234144</subfield>
            <subfield code="a">UNICEF. Executive Board (2011, 2nd sess. : New York)</subfield>
        </datafield>
        <datafield tag="710" ind1="2" ind2=" ">
            <subfield code="0">1233195</subfield>
            <subfield code="a">UNICEF. Executive Board (2011, annual sess. : New York)</subfield>
        </datafield>
        <datafield tag="830" ind1=" " ind2=" ">
            <subfield code="0">1275403</subfield>
            <subfield code="a">Economic and Social Council. Official Records. Supplement</subfield>
        </datafield>
        <datafield tag="830" ind1=" " ind2=" ">
            <subfield code="0">1275621</subfield>
            <subfield code="a">Report of the Executive Board of the United Nations Children's Fund</subfield>
        </datafield>
        <datafield tag="856" ind1="4" ind2=" ">
            <subfield code="s">1294654</subfield>
            <subfield code="u">http://digitallibrary.un.org/record/715045/files/E_2011_34_Rev.1_E_ICEF_2011_7_Rev.1-AR.pdf</subfield>
            <subfield code="y">العربية</subfield>
        </datafield>
        <datafield tag="856" ind1="4" ind2=" ">
            <subfield code="s">1051976</subfield>
            <subfield code="u">http://digitallibrary.un.org/record/715045/files/E_2011_34_Rev.1_E_ICEF_2011_7_Rev.1-ZH.pdf</subfield>
            <subfield code="y">中文</subfield>
        </datafield>
        <datafield tag="856" ind1="4" ind2=" ">
            <subfield code="s">354236</subfield>
            <subfield code="u">http://digitallibrary.un.org/record/715045/files/E_2011_34_Rev.1_E_ICEF_2011_7_Rev.1-EN.pdf</subfield>
            <subfield code="y">English</subfield>
        </datafield>
        <datafield tag="856" ind1="4" ind2=" ">
            <subfield code="s">433667</subfield>
            <subfield code="u">http://digitallibrary.un.org/record/715045/files/E_2011_34_Rev.1_E_ICEF_2011_7_Rev.1-FR.pdf</subfield>
            <subfield code="y">Français</subfield>
        </datafield>
        <datafield tag="856" ind1="4" ind2=" ">
            <subfield code="s">1097365</subfield>
            <subfield code="u">http://digitallibrary.un.org/record/715045/files/E_2011_34_Rev.1_E_ICEF_2011_7_Rev.1-RU.pdf</subfield>
            <subfield code="y">Русский</subfield>
        </datafield>
        <datafield tag="856" ind1="4" ind2=" ">
            <subfield code="s">419636</subfield>
            <subfield code="u">http://digitallibrary.un.org/record/715045/files/E_2011_34_Rev.1_E_ICEF_2011_7_Rev.1-ES.pdf</subfield>
            <subfield code="y">Español</subfield>
        </datafield>
        <datafield tag="930" ind1=" " ind2=" ">
            <subfield code="a">UNDNO11</subfield>
        </datafield>
        <datafield tag="949" ind1=" " ind2=" ">
            <subfield code="9">E(01)/R3</subfield>
            <subfield code="b">10000000960226</subfield>
            <subfield code="c">c. 1</subfield>
            <subfield code="d">20111108190000</subfield>
            <subfield code="i">1818216</subfield>
            <subfield code="k">unes</subfield>
            <subfield code="l">DHL</subfield>
            <subfield code="m">14day</subfield>
            <subfield code="z">t</subfield>
        </datafield>
        <datafield tag="949" ind1=" " ind2=" ">
            <subfield code="9">E/ICEF/2011/7/Rev.1</subfield>
            <subfield code="b">1818225.9.1</subfield>
            <subfield code="c">c. 1</subfield>
            <subfield code="d">20111108190000</subfield>
            <subfield code="i">1818225</subfield>
            <subfield code="k">unfs</subfield>
            <subfield code="l">DHL</subfield>
            <subfield code="m">14day</subfield>
            <subfield code="z">t</subfield>
        </datafield>
        <datafield tag="949" ind1=" " ind2=" ">
            <subfield code="9">E(01)/R3</subfield>
            <subfield code="b">1818220.4.1</subfield>
            <subfield code="c">c. 1</subfield>
            <subfield code="d">20111108190000</subfield>
            <subfield code="i">1818220</subfield>
            <subfield code="k">unrs</subfield>
            <subfield code="l">DHL</subfield>
            <subfield code="m">14day</subfield>
            <subfield code="z">t</subfield>
        </datafield>
        <datafield tag="949" ind1=" " ind2=" ">
            <subfield code="9">E(01)/R3</subfield>
            <subfield code="b">1818219.3.1</subfield>
            <subfield code="c">c. 1</subfield>
            <subfield code="d">20111108190000</subfield>
            <subfield code="i">1818219</subfield>
            <subfield code="k">unfs</subfield>
            <subfield code="l">DHL</subfield>
            <subfield code="m">14day</subfield>
            <subfield code="z">t</subfield>
        </datafield>
        <datafield tag="949" ind1=" " ind2=" ">
            <subfield code="9">E/ICEF/2011/7/Rev.1</subfield>
            <subfield code="b">1818226.10.1</subfield>
            <subfield code="c">c. 1</subfield>
            <subfield code="d">20111108190000</subfield>
            <subfield code="i">1818226</subfield>
            <subfield code="k">unrs</subfield>
            <subfield code="l">DHL</subfield>
            <subfield code="m">14day</subfield>
            <subfield code="z">t</subfield>
        </datafield>
        <datafield tag="949" ind1=" " ind2=" ">
            <subfield code="9">E/ICEF/2011/7/Rev.1</subfield>
            <subfield code="b">1818224.8.1</subfield>
            <subfield code="c">c. 1</subfield>
            <subfield code="d">20111108190000</subfield>
            <subfield code="i">1818224</subfield>
            <subfield code="k">uncs</subfield>
            <subfield code="l">DHL</subfield>
            <subfield code="m">14day</subfield>
            <subfield code="z">t</subfield>
        </datafield>
        <datafield tag="949" ind1=" " ind2=" ">
            <subfield code="9">E(01)/R3</subfield>
            <subfield code="b">1818221.5.1</subfield>
            <subfield code="c">c. 1</subfield>
            <subfield code="d">20111108190000</subfield>
            <subfield code="i">1818221</subfield>
            <subfield code="k">unss</subfield>
            <subfield code="l">DHL</subfield>
            <subfield code="m">14day</subfield>
            <subfield code="z">t</subfield>
        </datafield>
        <datafield tag="949" ind1=" " ind2=" ">
            <subfield code="9">E(01)/R3</subfield>
            <subfield code="b">1818218.2.1</subfield>
            <subfield code="c">c. 1</subfield>
            <subfield code="d">20111108190000</subfield>
            <subfield code="i">1818218</subfield>
            <subfield code="k">uncs</subfield>
            <subfield code="l">DHL</subfield>
            <subfield code="m">14day</subfield>
            <subfield code="z">t</subfield>
        </datafield>
        <datafield tag="949" ind1=" " ind2=" ">
            <subfield code="9">E(01)/R3</subfield>
            <subfield code="b">1818217.1.1</subfield>
            <subfield code="c">c. 1</subfield>
            <subfield code="d">20111108190000</subfield>
            <subfield code="i">1818217</subfield>
            <subfield code="k">unas</subfield>
            <subfield code="l">DHL</subfield>
            <subfield code="m">14day</subfield>
            <subfield code="z">t</subfield>
        </datafield>
        <datafield tag="949" ind1=" " ind2=" ">
            <subfield code="9">E/ICEF/2011/7/Rev.1</subfield>
            <subfield code="b">1818222.6.1</subfield>
            <subfield code="c">c. 1</subfield>
            <subfield code="d">20111108190000</subfield>
            <subfield code="i">1818222</subfield>
            <subfield code="k">unes</subfield>
            <subfield code="l">DHL</subfield>
            <subfield code="m">14day</subfield>
            <subfield code="z">t</subfield>
        </datafield>
        <datafield tag="949" ind1=" " ind2=" ">
            <subfield code="9">E/ICEF/2011/7/Rev.1</subfield>
            <subfield code="b">1818227.11.1</subfield>
            <subfield code="c">c. 1</subfield>
            <subfield code="d">20111108190000</subfield>
            <subfield code="i">1818227</subfield>
            <subfield code="k">unss</subfield>
            <subfield code="l">DHL</subfield>
            <subfield code="m">14day</subfield>
            <subfield code="z">t</subfield>
        </datafield>
        <datafield tag="949" ind1=" " ind2=" ">
            <subfield code="9">E/ICEF/2011/7/Rev.1</subfield>
            <subfield code="b">1818223.7.1</subfield>
            <subfield code="c">c. 1</subfield>
            <subfield code="d">20111108190000</subfield>
            <subfield code="i">1818223</subfield>
            <subfield code="k">unas</subfield>
            <subfield code="l">DHL</subfield>
            <subfield code="m">14day</subfield>
            <subfield code="z">t</subfield>
        </datafield>
        <datafield tag="980" ind1=" " ind2=" ">
            <subfield code="a">BIB</subfield>
        </datafield>
        <datafield tag="989" ind1=" " ind2=" ">
            <subfield code="a">Documents and Publications</subfield>
            <subfield code="b">Reports</subfield>
            <subfield code="c">Annual and Sessional Reports</subfield>
        </datafield>
        <datafield tag="989" ind1=" " ind2=" ">
            <subfield code="a">Documents and Publications</subfield>
            <subfield code="b">Publications</subfield>
        </datafield>
        <datafield tag="991" ind1="2" ind2=" ">
            <subfield code="0">1232141</subfield>
            <subfield code="a">E/2011/100</subfield>
            <subfield code="b">3b</subfield>
            <subfield code="c">Reports of the Executive Boards of the United Nations Development Programme/United Nations Population Fund, the United Nations Children's Fund, the United Nations Entity for Gender Equality and the Empowerment of Women and the World Food Programme.</subfield>
        </datafield>
        <datafield tag="991" ind1="2" ind2=" ">
            <subfield code="0">1232995</subfield>
            <subfield code="a">E/2011/100</subfield>
            <subfield code="b">3b[2]</subfield>
            <subfield code="d">UNICEF</subfield>
            <subfield code="z">I</subfield>
        </datafield>
        <datafield tag="998" ind1=" " ind2=" ">
            <subfield code="a">20111109043600</subfield>
            <subfield code="b">mlcat</subfield>
            <subfield code="c">20170203091500</subfield>
            <subfield code="d">tbcat</subfield>
        </datafield>
        <datafield tag="999" ind1=" " ind2=" ">
            <subfield code="a">slr20111110</subfield>
            <subfield code="b">20111110</subfield>
            <subfield code="c">r</subfield>
        </datafield>
        <datafield tag="999" ind1=" " ind2=" ">
            <subfield code="a">jmc20111109</subfield>
            <subfield code="b">20111109</subfield>
            <subfield code="c">c</subfield>
        </datafield>
        <datafield tag="999" ind1=" " ind2=" ">
            <subfield code="a">mleq20111109</subfield>
            <subfield code="b">20111109</subfield>
            <subfield code="c">q</subfield>
        </datafield>
        <datafield tag="999" ind1=" " ind2=" ">
            <subfield code="a">vwt20111114</subfield>
            <subfield code="b">20111114</subfield>
            <subfield code="c">t</subfield>
        </datafield>
        <datafield tag="999" ind1=" " ind2=" ">
            <subfield code="a">tbu20170203</subfield>
            <subfield code="b">20170203</subfield>
            <subfield code="c">u</subfield>
        </datafield>
    </record>