

    
    <record>
        <controlfield tag="001">713884</controlfield>
        <controlfield tag="000">00000nam\\2200025#a\4500</controlfield>
        <controlfield tag="005">20170412204559.0</controlfield>
        <controlfield tag="008">111026s2011\\\\usa\\\\#r\\\\\|||1|\eng\d</controlfield>
        <datafield tag="029" ind1=" " ind2=" ">
            <subfield code="a">JN</subfield>
            <subfield code="b">N1150859 E</subfield>
        </datafield>
        <datafield tag="035" ind1=" " ind2=" ">
            <subfield code="a">D0383822</subfield>
        </datafield>
        <datafield tag="035" ind1=" " ind2=" ">
            <subfield code="a">(DHL)958916</subfield>
        </datafield>
        <datafield tag="039" ind1=" " ind2=" ">
            <subfield code="a">DHU</subfield>
        </datafield>
        <datafield tag="040" ind1=" " ind2=" ">
            <subfield code="a">NNUN</subfield>
            <subfield code="b">eng</subfield>
        </datafield>
        <datafield tag="041" ind1=" " ind2=" ">
            <subfield code="a">arachiengfrerusspa</subfield>
        </datafield>
        <datafield tag="049" ind1=" " ind2=" ">
            <subfield code="a">usa</subfield>
        </datafield>
        <datafield tag="089" ind1=" " ind2=" ">
            <subfield code="b">B03</subfield>
        </datafield>
        <datafield tag="091" ind1=" " ind2=" ">
            <subfield code="a">GEN</subfield>
        </datafield>
        <datafield tag="099" ind1=" " ind2=" ">
            <subfield code="a">UNH</subfield>
            <subfield code="b">DHU</subfield>
            <subfield code="c">A(01)/R3</subfield>
            <subfield code="q">A01R3</subfield>
        </datafield>
        <datafield tag="191" ind1=" " ind2=" ">
            <subfield code="0">1228994</subfield>
            <subfield code="9">G88</subfield>
            <subfield code="a">A/66/PV.14</subfield>
            <subfield code="b">A/</subfield>
            <subfield code="c">66</subfield>
            <subfield code="q">A66PV14</subfield>
            <subfield code="r">A66</subfield>
        </datafield>
        <datafield tag="245" ind1="1" ind2="0">
            <subfield code="a">General Assembly official records, 66th session :</subfield>
            <subfield code="b">14th plenary meeting, Thursday, 22 September 2011, New York</subfield>
        </datafield>
        <datafield tag="260" ind1=" " ind2=" ">
            <subfield code="a">[New York] :</subfield>
            <subfield code="b">UN,</subfield>
            <subfield code="c">[2011]</subfield>
        </datafield>
        <datafield tag="269" ind1=" " ind2=" ">
            <subfield code="a">2011</subfield>
        </datafield>
        <datafield tag="300" ind1=" " ind2=" ">
            <subfield code="a">12 p.</subfield>
        </datafield>
        <datafield tag="495" ind1=" " ind2=" ">
            <subfield code="a">GAOR, 66th sess., Meeting records</subfield>
        </datafield>
        <datafield tag="630" ind1="0" ind2="7">
            <subfield code="0">1103102</subfield>
            <subfield code="2">unbisn</subfield>
            <subfield code="a">Declaration of the World Conference against Racism, Racial Discrimination, Xenophobia and Related Intolerance (2001)</subfield>
        </datafield>
        <datafield tag="630" ind1="0" ind2="7">
            <subfield code="0">1103103</subfield>
            <subfield code="2">unbisn</subfield>
            <subfield code="a">Programme of Action of the World Conference against Racism, Racial Discrimination, Xenophobia and Related Intolerance (2001)</subfield>
        </datafield>
        <datafield tag="650" ind1="1" ind2="7">
            <subfield code="0">1281022</subfield>
            <subfield code="2">unbist</subfield>
            <subfield code="a">RACIAL DISCRIMINATION</subfield>
        </datafield>
        <datafield tag="650" ind1="1" ind2="7">
            <subfield code="0">1281023</subfield>
            <subfield code="2">unbist</subfield>
            <subfield code="a">RELIGIOUS INTOLERANCE</subfield>
        </datafield>
        <datafield tag="650" ind1="1" ind2="7">
            <subfield code="0">1284161</subfield>
            <subfield code="2">unbist</subfield>
            <subfield code="a">XENOPHOBIA</subfield>
        </datafield>
        <datafield tag="650" ind1="1" ind2="7">
            <subfield code="0">1284647</subfield>
            <subfield code="2">unbist</subfield>
            <subfield code="a">ANTI-DISCRIMINATION MEASURES</subfield>
        </datafield>
        <datafield tag="793" ind1=" " ind2=" ">
            <subfield code="a">PL</subfield>
        </datafield>
        <datafield tag="856" ind1="4" ind2=" ">
            <subfield code="s">224133</subfield>
            <subfield code="u">http://digitallibrary.un.org/record/713884/files/A_66_PV.14-AR.pdf</subfield>
            <subfield code="y">العربية</subfield>
        </datafield>
        <datafield tag="856" ind1="4" ind2=" ">
            <subfield code="s">391509</subfield>
            <subfield code="u">http://digitallibrary.un.org/record/713884/files/A_66_PV.14-ZH.pdf</subfield>
            <subfield code="y">中文</subfield>
        </datafield>
        <datafield tag="856" ind1="4" ind2=" ">
            <subfield code="s">84318</subfield>
            <subfield code="u">http://digitallibrary.un.org/record/713884/files/A_66_PV.14-EN.pdf</subfield>
            <subfield code="y">English</subfield>
        </datafield>
        <datafield tag="856" ind1="4" ind2=" ">
            <subfield code="s">155027</subfield>
            <subfield code="u">http://digitallibrary.un.org/record/713884/files/A_66_PV.14-FR.pdf</subfield>
            <subfield code="y">Français</subfield>
        </datafield>
        <datafield tag="856" ind1="4" ind2=" ">
            <subfield code="s">335269</subfield>
            <subfield code="u">http://digitallibrary.un.org/record/713884/files/A_66_PV.14-RU.pdf</subfield>
            <subfield code="y">Русский</subfield>
        </datafield>
        <datafield tag="856" ind1="4" ind2=" ">
            <subfield code="s">190861</subfield>
            <subfield code="u">http://digitallibrary.un.org/record/713884/files/A_66_PV.14-ES.pdf</subfield>
            <subfield code="y">Español</subfield>
        </datafield>
        <datafield tag="930" ind1=" " ind2=" ">
            <subfield code="a">UNDOC11</subfield>
        </datafield>
        <datafield tag="949" ind1=" " ind2=" ">
            <subfield code="9">A/66/PV.14</subfield>
            <subfield code="b">1814741.5.1</subfield>
            <subfield code="c">c. 1</subfield>
            <subfield code="d">20111025200000</subfield>
            <subfield code="i">1814741</subfield>
            <subfield code="k">unrs</subfield>
            <subfield code="l">DHL</subfield>
            <subfield code="m">14day</subfield>
            <subfield code="z">t</subfield>
        </datafield>
        <datafield tag="949" ind1=" " ind2=" ">
            <subfield code="9">A/66/PV.14</subfield>
            <subfield code="b">1814739.3.1</subfield>
            <subfield code="c">c. 1</subfield>
            <subfield code="d">20111025200000</subfield>
            <subfield code="i">1814739</subfield>
            <subfield code="k">unfs</subfield>
            <subfield code="l">DHL</subfield>
            <subfield code="m">14day</subfield>
            <subfield code="z">t</subfield>
        </datafield>
        <datafield tag="949" ind1=" " ind2=" ">
            <subfield code="9">A/66/PV.14</subfield>
            <subfield code="b">1814738.2.1</subfield>
            <subfield code="c">c. 1</subfield>
            <subfield code="d">20111025200000</subfield>
            <subfield code="i">1814738</subfield>
            <subfield code="k">unas</subfield>
            <subfield code="l">DHL</subfield>
            <subfield code="m">14day</subfield>
            <subfield code="z">t</subfield>
        </datafield>
        <datafield tag="949" ind1=" " ind2=" ">
            <subfield code="9">A/66/PV.14</subfield>
            <subfield code="b">10000000958916</subfield>
            <subfield code="c">c. 1</subfield>
            <subfield code="d">20111025200000</subfield>
            <subfield code="i">1814736</subfield>
            <subfield code="k">unes</subfield>
            <subfield code="l">DHL</subfield>
            <subfield code="m">14day</subfield>
            <subfield code="z">t</subfield>
        </datafield>
        <datafield tag="949" ind1=" " ind2=" ">
            <subfield code="9">A/66/PV.14</subfield>
            <subfield code="b">1814740.4.1</subfield>
            <subfield code="c">c. 1</subfield>
            <subfield code="d">20111025200000</subfield>
            <subfield code="i">1814740</subfield>
            <subfield code="k">unss</subfield>
            <subfield code="l">DHL</subfield>
            <subfield code="m">14day</subfield>
            <subfield code="z">t</subfield>
        </datafield>
        <datafield tag="949" ind1=" " ind2=" ">
            <subfield code="9">A/66/PV.14</subfield>
            <subfield code="b">1814737.1.1</subfield>
            <subfield code="c">c. 1</subfield>
            <subfield code="d">20111025200000</subfield>
            <subfield code="i">1814737</subfield>
            <subfield code="k">uncs</subfield>
            <subfield code="l">DHL</subfield>
            <subfield code="m">14day</subfield>
            <subfield code="z">t</subfield>
        </datafield>
        <datafield tag="980" ind1=" " ind2=" ">
            <subfield code="a">BIB</subfield>
        </datafield>
        <datafield tag="989" ind1=" " ind2=" ">
            <subfield code="a">Documents and Publications</subfield>
            <subfield code="b">Meeting Records</subfield>
            <subfield code="c">Verbatim Records</subfield>
        </datafield>
        <datafield tag="991" ind1="1" ind2=" ">
            <subfield code="0">1230612</subfield>
            <subfield code="a">A/66/251</subfield>
            <subfield code="b">67b</subfield>
            <subfield code="c">Comprehensive implementation of and follow-up to the Durban Declaration and Programme of Action.</subfield>
            <subfield code="d">RACIAL DISCRIMINATION--PROGRAMME IMPLEMENTATION</subfield>
            <subfield code="e">At the 14th meeting, the Assembly decided to adopt the political declaration at the opening plenary meeting: decision 66/504; at the same meeting, draft resolution A/66/L.2 was adopted without vote: resolution 66/3</subfield>
            <subfield code="z">I</subfield>
        </datafield>
        <datafield tag="991" ind1="1" ind2=" ">
            <subfield code="0">1234423</subfield>
            <subfield code="a">A/66/251</subfield>
            <subfield code="b">[305]</subfield>
            <subfield code="d">UN. GENERAL ASSEMBLY (66TH SESS. : 2011-2012)--SPECIAL STATEMENTS</subfield>
            <subfield code="z">I</subfield>
        </datafield>
        <datafield tag="992" ind1=" " ind2=" ">
            <subfield code="a">20110922</subfield>
        </datafield>
        <datafield tag="998" ind1=" " ind2=" ">
            <subfield code="a">20111026052600</subfield>
            <subfield code="b">mnser</subfield>
            <subfield code="c">20130123054800</subfield>
            <subfield code="d">vwcat2</subfield>
        </datafield>
        <datafield tag="999" ind1=" " ind2=" ">
            <subfield code="a">kakc20111028</subfield>
            <subfield code="b">20111028</subfield>
            <subfield code="c">c</subfield>
        </datafield>
        <datafield tag="999" ind1=" " ind2=" ">
            <subfield code="a">slr20120105</subfield>
            <subfield code="b">20120105</subfield>
            <subfield code="c">r</subfield>
        </datafield>
        <datafield tag="999" ind1=" " ind2=" ">
            <subfield code="a">monq20111026</subfield>
            <subfield code="b">20111026</subfield>
            <subfield code="c">q</subfield>
        </datafield>
        <datafield tag="999" ind1=" " ind2=" ">
            <subfield code="a">vwt20120229</subfield>
            <subfield code="b">20120229</subfield>
            <subfield code="c">t</subfield>
        </datafield>
        <datafield tag="999" ind1=" " ind2=" ">
            <subfield code="a">vwu20130123</subfield>
            <subfield code="b">20130123</subfield>
            <subfield code="c">u</subfield>
        </datafield>
    </record>