

    
    <record>
        <controlfield tag="001">707628</controlfield>
        <controlfield tag="000">00000nam\\2200025#a\4500</controlfield>
        <controlfield tag="005">20170412204410.0</controlfield>
        <controlfield tag="008">110726s2011\\\\usa\\\\#r\\\\\|||1|\eng\d</controlfield>
        <datafield tag="029" ind1=" " ind2=" ">
            <subfield code="a">JN</subfield>
            <subfield code="b">N1134966 E</subfield>
        </datafield>
        <datafield tag="035" ind1=" " ind2=" ">
            <subfield code="a">D0381345</subfield>
        </datafield>
        <datafield tag="035" ind1=" " ind2=" ">
            <subfield code="a">(DHL)951703</subfield>
        </datafield>
        <datafield tag="039" ind1=" " ind2=" ">
            <subfield code="a">DHU</subfield>
        </datafield>
        <datafield tag="040" ind1=" " ind2=" ">
            <subfield code="a">NNUN</subfield>
            <subfield code="b">eng</subfield>
        </datafield>
        <datafield tag="041" ind1=" " ind2=" ">
            <subfield code="a">arachiengfrerusspa</subfield>
        </datafield>
        <datafield tag="049" ind1=" " ind2=" ">
            <subfield code="a">usa</subfield>
        </datafield>
        <datafield tag="089" ind1=" " ind2=" ">
            <subfield code="b">B03</subfield>
        </datafield>
        <datafield tag="089" ind1=" " ind2=" ">
            <subfield code="b">B07</subfield>
        </datafield>
        <datafield tag="091" ind1=" " ind2=" ">
            <subfield code="a">GEN</subfield>
        </datafield>
        <datafield tag="099" ind1=" " ind2=" ">
            <subfield code="a">UNH</subfield>
            <subfield code="b">DHU</subfield>
            <subfield code="c">A(01)/R3</subfield>
            <subfield code="q">A01R3</subfield>
        </datafield>
        <datafield tag="191" ind1=" " ind2=" ">
            <subfield code="0">1221254</subfield>
            <subfield code="9">G88</subfield>
            <subfield code="a">A/65/PV.89</subfield>
            <subfield code="b">A/</subfield>
            <subfield code="c">65</subfield>
            <subfield code="q">A65PV89</subfield>
            <subfield code="r">A65</subfield>
        </datafield>
        <datafield tag="245" ind1="1" ind2="0">
            <subfield code="a">General Assembly official records, 65th session :</subfield>
            <subfield code="b">89th plenary meeting, Friday, 20 May 2011, New York</subfield>
        </datafield>
        <datafield tag="260" ind1=" " ind2=" ">
            <subfield code="a">[New York] :</subfield>
            <subfield code="b">UN,</subfield>
            <subfield code="c">[2011]</subfield>
        </datafield>
        <datafield tag="269" ind1=" " ind2=" ">
            <subfield code="a">2011</subfield>
        </datafield>
        <datafield tag="300" ind1=" " ind2=" ">
            <subfield code="a">4 p.</subfield>
        </datafield>
        <datafield tag="495" ind1=" " ind2=" ">
            <subfield code="a">GAOR, 65th sess., Meeting records</subfield>
        </datafield>
        <datafield tag="610" ind1="2" ind2="7">
            <subfield code="0">936095</subfield>
            <subfield code="2">unbisn</subfield>
            <subfield code="a">UN</subfield>
            <subfield code="g">Budget contributions</subfield>
        </datafield>
        <datafield tag="610" ind1="2" ind2="7">
            <subfield code="0">1171876</subfield>
            <subfield code="2">unbisn</subfield>
            <subfield code="a">UN. Human Rights Council</subfield>
            <subfield code="g">Members</subfield>
        </datafield>
        <datafield tag="611" ind1="2" ind2="7">
            <subfield code="0">1228790</subfield>
            <subfield code="2">unbisn</subfield>
            <subfield code="a">High-Level Meeting on a Comprehensive Review of the Progress Achieved in Realizing the Declaration of Commitment on HIV/AIDS and the Political Declaration on HIV/AIDS (2011 : New York )</subfield>
        </datafield>
        <datafield tag="650" ind1="1" ind2="7">
            <subfield code="0">1283975</subfield>
            <subfield code="2">unbist</subfield>
            <subfield code="a">AIDS PREVENTION</subfield>
        </datafield>
        <datafield tag="650" ind1="1" ind2="7">
            <subfield code="0">1283255</subfield>
            <subfield code="2">unbist</subfield>
            <subfield code="a">ELECTION OF MEMBERS</subfield>
        </datafield>
        <datafield tag="793" ind1=" " ind2=" ">
            <subfield code="a">PL</subfield>
        </datafield>
        <datafield tag="856" ind1="4" ind2=" ">
            <subfield code="s">127611</subfield>
            <subfield code="u">http://digitallibrary.un.org/record/707628/files/A_65_PV.89-AR.pdf</subfield>
            <subfield code="y">العربية</subfield>
        </datafield>
        <datafield tag="856" ind1="4" ind2=" ">
            <subfield code="s">181453</subfield>
            <subfield code="u">http://digitallibrary.un.org/record/707628/files/A_65_PV.89-ZH.pdf</subfield>
            <subfield code="y">中文</subfield>
        </datafield>
        <datafield tag="856" ind1="4" ind2=" ">
            <subfield code="s">43230</subfield>
            <subfield code="u">http://digitallibrary.un.org/record/707628/files/A_65_PV.89-EN.pdf</subfield>
            <subfield code="y">English</subfield>
        </datafield>
        <datafield tag="856" ind1="4" ind2=" ">
            <subfield code="s">47953</subfield>
            <subfield code="u">http://digitallibrary.un.org/record/707628/files/A_65_PV.89-FR.pdf</subfield>
            <subfield code="y">Français</subfield>
        </datafield>
        <datafield tag="856" ind1="4" ind2=" ">
            <subfield code="s">205722</subfield>
            <subfield code="u">http://digitallibrary.un.org/record/707628/files/A_65_PV.89-RU.pdf</subfield>
            <subfield code="y">Русский</subfield>
        </datafield>
        <datafield tag="856" ind1="4" ind2=" ">
            <subfield code="s">136142</subfield>
            <subfield code="u">http://digitallibrary.un.org/record/707628/files/A_65_PV.89-ES.pdf</subfield>
            <subfield code="y">Español</subfield>
        </datafield>
        <datafield tag="930" ind1=" " ind2=" ">
            <subfield code="a">UNDJL11</subfield>
        </datafield>
        <datafield tag="949" ind1=" " ind2=" ">
            <subfield code="9">A(01)/R3</subfield>
            <subfield code="b">1791320.2.1</subfield>
            <subfield code="c">c. 1</subfield>
            <subfield code="d">20110725200000</subfield>
            <subfield code="i">1791320</subfield>
            <subfield code="k">uncs</subfield>
            <subfield code="l">DHL</subfield>
            <subfield code="m">14day</subfield>
            <subfield code="z">t</subfield>
        </datafield>
        <datafield tag="949" ind1=" " ind2=" ">
            <subfield code="9">A(01)/R3</subfield>
            <subfield code="b">1791321.3.1</subfield>
            <subfield code="c">c. 1</subfield>
            <subfield code="d">20110725200000</subfield>
            <subfield code="i">1791321</subfield>
            <subfield code="k">unfs</subfield>
            <subfield code="l">DHL</subfield>
            <subfield code="m">14day</subfield>
            <subfield code="z">t</subfield>
        </datafield>
        <datafield tag="949" ind1=" " ind2=" ">
            <subfield code="9">A(01)/R3</subfield>
            <subfield code="b">1791322.4.1</subfield>
            <subfield code="c">c. 1</subfield>
            <subfield code="d">20110725200000</subfield>
            <subfield code="i">1791322</subfield>
            <subfield code="k">unrs</subfield>
            <subfield code="l">DHL</subfield>
            <subfield code="m">14day</subfield>
            <subfield code="z">t</subfield>
        </datafield>
        <datafield tag="949" ind1=" " ind2=" ">
            <subfield code="9">A(01)/R3</subfield>
            <subfield code="b">10000000951703</subfield>
            <subfield code="c">c. 1</subfield>
            <subfield code="d">20110725200000</subfield>
            <subfield code="i">1791318</subfield>
            <subfield code="k">unes</subfield>
            <subfield code="l">DHL</subfield>
            <subfield code="m">14day</subfield>
            <subfield code="z">t</subfield>
        </datafield>
        <datafield tag="949" ind1=" " ind2=" ">
            <subfield code="9">A(01)/R3</subfield>
            <subfield code="b">1791319.1.1</subfield>
            <subfield code="c">c. 1</subfield>
            <subfield code="d">20110725200000</subfield>
            <subfield code="i">1791319</subfield>
            <subfield code="k">unas</subfield>
            <subfield code="l">DHL</subfield>
            <subfield code="m">14day</subfield>
            <subfield code="z">t</subfield>
        </datafield>
        <datafield tag="949" ind1=" " ind2=" ">
            <subfield code="9">A(01)/R3</subfield>
            <subfield code="b">1791323.5.1</subfield>
            <subfield code="c">c. 1</subfield>
            <subfield code="d">20110725200000</subfield>
            <subfield code="i">1791323</subfield>
            <subfield code="k">unss</subfield>
            <subfield code="l">DHL</subfield>
            <subfield code="m">14day</subfield>
            <subfield code="z">t</subfield>
        </datafield>
        <datafield tag="980" ind1=" " ind2=" ">
            <subfield code="a">BIB</subfield>
        </datafield>
        <datafield tag="989" ind1=" " ind2=" ">
            <subfield code="a">Documents and Publications</subfield>
            <subfield code="b">Meeting Records</subfield>
            <subfield code="c">Verbatim Records</subfield>
        </datafield>
        <datafield tag="991" ind1="1" ind2=" ">
            <subfield code="0">1222076</subfield>
            <subfield code="a">A/65/251</subfield>
            <subfield code="b">133</subfield>
            <subfield code="c">Scale of assessments for the apportionment of the expenses of the United Nations.</subfield>
            <subfield code="d">UN--BUDGET CONTRIBUTIONS</subfield>
            <subfield code="e">At the 89th meeting, the Assembly took note of the information in A/65/691/Add.10 that Rwanda had made the necessary payment to reduce their arrears below the amount specified in Art. 19 of the Charter</subfield>
            <subfield code="z">I</subfield>
        </datafield>
        <datafield tag="991" ind1="1" ind2=" ">
            <subfield code="0">1221288</subfield>
            <subfield code="a">A/65/251</subfield>
            <subfield code="b">10</subfield>
            <subfield code="c">Implementation of the Declaration of Commitment on HIV/AIDS and the Political Declaration on HIV/AIDS.</subfield>
            <subfield code="d">HIV/AIDS--DECLARATIONS</subfield>
            <subfield code="e">At the 89th meeting, draft decision A/65/L.73 was adopted without vote: decision 65/548</subfield>
            <subfield code="z">I</subfield>
        </datafield>
        <datafield tag="991" ind1="1" ind2=" ">
            <subfield code="0">1221978</subfield>
            <subfield code="a">A/65/251</subfield>
            <subfield code="b">112c</subfield>
            <subfield code="c">Election of 15 members of the Human Rights Council.</subfield>
            <subfield code="d">UN. HUMAN RIGHTS COUNCIL--MEMBERS</subfield>
            <subfield code="e">At the 89th meeting, the following 15 States were elected members of the Human Rights Council for a 3-year term of office beginning on 19 June 2011: Austria, Benin, Botswana, Burkina Faso, Chile, Congo, Costa Rica, Czech Republic, India, Indonesia, Italy, Kuwait, Peru, Philippines and Romania: decision 65/415</subfield>
            <subfield code="z">I</subfield>
        </datafield>
        <datafield tag="992" ind1=" " ind2=" ">
            <subfield code="a">20110520</subfield>
        </datafield>
        <datafield tag="998" ind1=" " ind2=" ">
            <subfield code="a">20110726051700</subfield>
            <subfield code="b">pnser</subfield>
            <subfield code="c">20110920044900</subfield>
            <subfield code="d">slcat</subfield>
        </datafield>
        <datafield tag="999" ind1=" " ind2=" ">
            <subfield code="a">slr20110729</subfield>
            <subfield code="b">20110729</subfield>
            <subfield code="c">r</subfield>
        </datafield>
        <datafield tag="999" ind1=" " ind2=" ">
            <subfield code="a">jmc20110726</subfield>
            <subfield code="b">20110726</subfield>
            <subfield code="c">c</subfield>
        </datafield>
        <datafield tag="999" ind1=" " ind2=" ">
            <subfield code="a">pnq20110726</subfield>
            <subfield code="b">20110726</subfield>
            <subfield code="c">q</subfield>
        </datafield>
        <datafield tag="999" ind1=" " ind2=" ">
            <subfield code="a">vwt20110728</subfield>
            <subfield code="b">20110728</subfield>
            <subfield code="c">t</subfield>
        </datafield>
    </record>