

    
    <record>
        <controlfield tag="001">706833</controlfield>
        <controlfield tag="000">00000nam\\2200025#a\4500</controlfield>
        <controlfield tag="005">20170412220515.0</controlfield>
        <controlfield tag="008">110714s2011\\\\usa\\\\#r\\\\\|||1|\eng\d</controlfield>
        <datafield tag="029" ind1=" " ind2=" ">
            <subfield code="a">JN</subfield>
            <subfield code="b">N1137057 E</subfield>
        </datafield>
        <datafield tag="035" ind1=" " ind2=" ">
            <subfield code="a">D0381142</subfield>
        </datafield>
        <datafield tag="035" ind1=" " ind2=" ">
            <subfield code="a">(DHL)950824</subfield>
        </datafield>
        <datafield tag="039" ind1=" " ind2=" ">
            <subfield code="a">DHU</subfield>
        </datafield>
        <datafield tag="040" ind1=" " ind2=" ">
            <subfield code="a">NNUN</subfield>
            <subfield code="b">eng</subfield>
        </datafield>
        <datafield tag="041" ind1=" " ind2=" ">
            <subfield code="a">arachiengfrerusspa</subfield>
        </datafield>
        <datafield tag="049" ind1=" " ind2=" ">
            <subfield code="a">usa</subfield>
        </datafield>
        <datafield tag="089" ind1=" " ind2=" ">
            <subfield code="b">B04</subfield>
        </datafield>
        <datafield tag="089" ind1=" " ind2=" ">
            <subfield code="b">B02</subfield>
        </datafield>
        <datafield tag="091" ind1=" " ind2=" ">
            <subfield code="a">GEN</subfield>
        </datafield>
        <datafield tag="099" ind1=" " ind2=" ">
            <subfield code="a">UNH</subfield>
            <subfield code="b">DHU</subfield>
            <subfield code="c">E(01)/R3</subfield>
            <subfield code="q">E01R3</subfield>
        </datafield>
        <datafield tag="191" ind1=" " ind2=" ">
            <subfield code="0">1228995</subfield>
            <subfield code="9">C00</subfield>
            <subfield code="a">E/2011/31</subfield>
            <subfield code="b">E/</subfield>
            <subfield code="c">2011-S</subfield>
            <subfield code="q">E201131</subfield>
            <subfield code="r">E2011S</subfield>
        </datafield>
        <datafield tag="191" ind1=" " ind2=" ">
            <subfield code="0">1231298</subfield>
            <subfield code="a">E/CN.16/2011/5</subfield>
            <subfield code="b">E/CN.16/</subfield>
            <subfield code="c">14</subfield>
            <subfield code="q">ECN1620115</subfield>
            <subfield code="r">ECN1614</subfield>
        </datafield>
        <datafield tag="245" ind1="1" ind2="0">
            <subfield code="a">Commission on Science and Technology for Development :</subfield>
            <subfield code="b">report on the 14th session (23-27 May 2011)</subfield>
        </datafield>
        <datafield tag="260" ind1=" " ind2=" ">
            <subfield code="a">New York :</subfield>
            <subfield code="b">UN,</subfield>
            <subfield code="c">2011</subfield>
        </datafield>
        <datafield tag="269" ind1=" " ind2=" ">
            <subfield code="a">2011</subfield>
        </datafield>
        <datafield tag="300" ind1=" " ind2=" ">
            <subfield code="a">viii, 27 p. :</subfield>
            <subfield code="b">table</subfield>
        </datafield>
        <datafield tag="495" ind1=" " ind2=" ">
            <subfield code="a">ESCOR, 2011, Suppl. no. 11</subfield>
        </datafield>
        <datafield tag="500" ind1=" " ind2=" ">
            <subfield code="a">"Annex: List of documents before the Commission at its 14th session": p. 27.</subfield>
        </datafield>
        <datafield tag="610" ind1="2" ind2="7">
            <subfield code="0">1227834</subfield>
            <subfield code="2">unbisn</subfield>
            <subfield code="a">UN. Commission on Science and Technology for Development (14th sess. : 2011 : Geneva)</subfield>
        </datafield>
        <datafield tag="610" ind1="2" ind2="7">
            <subfield code="0">1233273</subfield>
            <subfield code="2">unbisn</subfield>
            <subfield code="a">UN. Commission on Science and Technology for Development (14th sess. : 2011 : Geneva)</subfield>
            <subfield code="g">Resolutions and decisions</subfield>
        </datafield>
        <datafield tag="610" ind1="2" ind2="7">
            <subfield code="0">1225462</subfield>
            <subfield code="2">unbisn</subfield>
            <subfield code="a">UN. Commission on Science and Technology for Development (14th sess. : 2011 : Geneva)</subfield>
            <subfield code="g">Agenda</subfield>
        </datafield>
        <datafield tag="610" ind1="2" ind2="7">
            <subfield code="0">1233274</subfield>
            <subfield code="2">unbisn</subfield>
            <subfield code="a">UN. Commission on Science and Technology for Development (15th sess. : 2012 : Geneva)</subfield>
            <subfield code="g">Officers</subfield>
        </datafield>
        <datafield tag="610" ind1="2" ind2="7">
            <subfield code="0">1233275</subfield>
            <subfield code="2">unbisn</subfield>
            <subfield code="a">UN. Commission on Science and Technology for Development (15th sess. : 2012 : Geneva)</subfield>
            <subfield code="g">Agenda</subfield>
        </datafield>
        <datafield tag="611" ind1="2" ind2="7">
            <subfield code="0">1113334</subfield>
            <subfield code="2">unbisn</subfield>
            <subfield code="a">World Summit on the Information Society</subfield>
        </datafield>
        <datafield tag="650" ind1="1" ind2="7">
            <subfield code="0">1281762</subfield>
            <subfield code="2">unbist</subfield>
            <subfield code="a">SCIENCE AND TECHNOLOGY</subfield>
        </datafield>
        <datafield tag="650" ind1="1" ind2="7">
            <subfield code="0">1282628</subfield>
            <subfield code="2">unbist</subfield>
            <subfield code="a">NEW TECHNOLOGIES</subfield>
        </datafield>
        <datafield tag="650" ind1="1" ind2="7">
            <subfield code="0">1282877</subfield>
            <subfield code="2">unbist</subfield>
            <subfield code="a">INFORMATION TECHNOLOGY</subfield>
        </datafield>
        <datafield tag="650" ind1="1" ind2="7">
            <subfield code="0">1279318</subfield>
            <subfield code="2">unbist</subfield>
            <subfield code="a">INNOVATIONS</subfield>
        </datafield>
        <datafield tag="650" ind1="1" ind2="7">
            <subfield code="0">1283243</subfield>
            <subfield code="2">unbist</subfield>
            <subfield code="a">PROGRAMME IMPLEMENTATION</subfield>
        </datafield>
        <datafield tag="710" ind1="2" ind2=" ">
            <subfield code="0">1231299</subfield>
            <subfield code="a">UN. Commission on Science and Technology for Development (14th sess. : 2011 : Geneva)</subfield>
        </datafield>
        <datafield tag="830" ind1=" " ind2=" ">
            <subfield code="0">1275467</subfield>
            <subfield code="a">Report of the Commission on Science and Technology for Development</subfield>
        </datafield>
        <datafield tag="830" ind1=" " ind2=" ">
            <subfield code="0">1275403</subfield>
            <subfield code="a">Economic and Social Council. Official Records. Supplement</subfield>
        </datafield>
        <datafield tag="856" ind1="4" ind2=" ">
            <subfield code="s">371663</subfield>
            <subfield code="u">http://digitallibrary.un.org/record/706833/files/E_2011_31_E_CN.16_2011_5-AR.pdf</subfield>
            <subfield code="y">العربية</subfield>
        </datafield>
        <datafield tag="856" ind1="4" ind2=" ">
            <subfield code="s">366499</subfield>
            <subfield code="u">http://digitallibrary.un.org/record/706833/files/E_2011_31_E_CN.16_2011_5-ZH.pdf</subfield>
            <subfield code="y">中文</subfield>
        </datafield>
        <datafield tag="856" ind1="4" ind2=" ">
            <subfield code="s">200943</subfield>
            <subfield code="u">http://digitallibrary.un.org/record/706833/files/E_2011_31_E_CN.16_2011_5-EN.pdf</subfield>
            <subfield code="y">English</subfield>
        </datafield>
        <datafield tag="856" ind1="4" ind2=" ">
            <subfield code="s">217436</subfield>
            <subfield code="u">http://digitallibrary.un.org/record/706833/files/E_2011_31_E_CN.16_2011_5-FR.pdf</subfield>
            <subfield code="y">Français</subfield>
        </datafield>
        <datafield tag="856" ind1="4" ind2=" ">
            <subfield code="s">457187</subfield>
            <subfield code="u">http://digitallibrary.un.org/record/706833/files/E_2011_31_E_CN.16_2011_5-RU.pdf</subfield>
            <subfield code="y">Русский</subfield>
        </datafield>
        <datafield tag="856" ind1="4" ind2=" ">
            <subfield code="s">272025</subfield>
            <subfield code="u">http://digitallibrary.un.org/record/706833/files/E_2011_31_E_CN.16_2011_5-ES.pdf</subfield>
            <subfield code="y">Español</subfield>
        </datafield>
        <datafield tag="930" ind1=" " ind2=" ">
            <subfield code="a">UNDJL11</subfield>
        </datafield>
        <datafield tag="949" ind1=" " ind2=" ">
            <subfield code="9">E(01)/R3</subfield>
            <subfield code="b">1789062.4.1</subfield>
            <subfield code="c">c. 1</subfield>
            <subfield code="d">20110713200000</subfield>
            <subfield code="i">1789062</subfield>
            <subfield code="k">unrs</subfield>
            <subfield code="l">DHL</subfield>
            <subfield code="m">14day</subfield>
            <subfield code="z">t</subfield>
        </datafield>
        <datafield tag="949" ind1=" " ind2=" ">
            <subfield code="9">E(01)/R3</subfield>
            <subfield code="b">1789061.3.1</subfield>
            <subfield code="c">c. 1</subfield>
            <subfield code="d">20110713200000</subfield>
            <subfield code="i">1789061</subfield>
            <subfield code="k">unfs</subfield>
            <subfield code="l">DHL</subfield>
            <subfield code="m">14day</subfield>
            <subfield code="z">t</subfield>
        </datafield>
        <datafield tag="949" ind1=" " ind2=" ">
            <subfield code="9">E/CN.16/2011/5</subfield>
            <subfield code="b">1789068.10.1</subfield>
            <subfield code="c">c. 1</subfield>
            <subfield code="d">20110713200000</subfield>
            <subfield code="i">1789068</subfield>
            <subfield code="k">unrs</subfield>
            <subfield code="l">DHL</subfield>
            <subfield code="m">14day</subfield>
            <subfield code="z">t</subfield>
        </datafield>
        <datafield tag="949" ind1=" " ind2=" ">
            <subfield code="9">E/CN.16/2011/5</subfield>
            <subfield code="b">1789067.9.1</subfield>
            <subfield code="c">c. 1</subfield>
            <subfield code="d">20110713200000</subfield>
            <subfield code="i">1789067</subfield>
            <subfield code="k">unfs</subfield>
            <subfield code="l">DHL</subfield>
            <subfield code="m">14day</subfield>
            <subfield code="z">t</subfield>
        </datafield>
        <datafield tag="949" ind1=" " ind2=" ">
            <subfield code="9">E(01)/R3</subfield>
            <subfield code="b">10000000950824</subfield>
            <subfield code="c">c. 1</subfield>
            <subfield code="d">20110713200000</subfield>
            <subfield code="i">1789058</subfield>
            <subfield code="k">unes</subfield>
            <subfield code="l">DHL</subfield>
            <subfield code="m">14day</subfield>
            <subfield code="z">t</subfield>
        </datafield>
        <datafield tag="949" ind1=" " ind2=" ">
            <subfield code="9">E/CN.16/2011/5</subfield>
            <subfield code="b">1789064.6.1</subfield>
            <subfield code="c">c. 1</subfield>
            <subfield code="d">20110713200000</subfield>
            <subfield code="i">1789064</subfield>
            <subfield code="k">unas</subfield>
            <subfield code="l">DHL</subfield>
            <subfield code="m">14day</subfield>
            <subfield code="z">t</subfield>
        </datafield>
        <datafield tag="949" ind1=" " ind2=" ">
            <subfield code="9">E/CN.16/2011/5</subfield>
            <subfield code="b">1789069.11.1</subfield>
            <subfield code="c">c. 1</subfield>
            <subfield code="d">20110713200000</subfield>
            <subfield code="i">1789069</subfield>
            <subfield code="k">unss</subfield>
            <subfield code="l">DHL</subfield>
            <subfield code="m">14day</subfield>
            <subfield code="z">t</subfield>
        </datafield>
        <datafield tag="949" ind1=" " ind2=" ">
            <subfield code="9">E(01)/R3</subfield>
            <subfield code="b">1789059.1.1</subfield>
            <subfield code="c">c. 1</subfield>
            <subfield code="d">20110713200000</subfield>
            <subfield code="i">1789059</subfield>
            <subfield code="k">unas</subfield>
            <subfield code="l">DHL</subfield>
            <subfield code="m">14day</subfield>
            <subfield code="z">t</subfield>
        </datafield>
        <datafield tag="949" ind1=" " ind2=" ">
            <subfield code="9">E(01)/R3</subfield>
            <subfield code="b">1789063.5.1</subfield>
            <subfield code="c">c. 1</subfield>
            <subfield code="d">20110713200000</subfield>
            <subfield code="i">1789063</subfield>
            <subfield code="k">unss</subfield>
            <subfield code="l">DHL</subfield>
            <subfield code="m">14day</subfield>
            <subfield code="z">t</subfield>
        </datafield>
        <datafield tag="949" ind1=" " ind2=" ">
            <subfield code="9">E(01)/R3</subfield>
            <subfield code="b">1789060.2.1</subfield>
            <subfield code="c">c. 1</subfield>
            <subfield code="d">20110713200000</subfield>
            <subfield code="i">1789060</subfield>
            <subfield code="k">uncs</subfield>
            <subfield code="l">DHL</subfield>
            <subfield code="m">14day</subfield>
            <subfield code="z">t</subfield>
        </datafield>
        <datafield tag="949" ind1=" " ind2=" ">
            <subfield code="9">E/CN.16/2011/5</subfield>
            <subfield code="b">1789065.7.1</subfield>
            <subfield code="c">c. 1</subfield>
            <subfield code="d">20110713200000</subfield>
            <subfield code="i">1789065</subfield>
            <subfield code="k">uncs</subfield>
            <subfield code="l">DHL</subfield>
            <subfield code="m">14day</subfield>
            <subfield code="z">t</subfield>
        </datafield>
        <datafield tag="949" ind1=" " ind2=" ">
            <subfield code="9">E/CN.16/2011/5</subfield>
            <subfield code="b">1789066.8.1</subfield>
            <subfield code="c">c. 1</subfield>
            <subfield code="d">20110713200000</subfield>
            <subfield code="i">1789066</subfield>
            <subfield code="k">unes</subfield>
            <subfield code="l">DHL</subfield>
            <subfield code="m">14day</subfield>
            <subfield code="z">t</subfield>
        </datafield>
        <datafield tag="980" ind1=" " ind2=" ">
            <subfield code="a">BIB</subfield>
        </datafield>
        <datafield tag="989" ind1=" " ind2=" ">
            <subfield code="a">Documents and Publications</subfield>
            <subfield code="b">Reports</subfield>
            <subfield code="c">Annual and Sessional Reports</subfield>
        </datafield>
        <datafield tag="989" ind1=" " ind2=" ">
            <subfield code="a">Documents and Publications</subfield>
            <subfield code="b">Draft Resolutions and Decisions</subfield>
        </datafield>
        <datafield tag="991" ind1="2" ind2=" ">
            <subfield code="0">1224283</subfield>
            <subfield code="a">E/2010/100</subfield>
            <subfield code="b">13b</subfield>
            <subfield code="c">Science and technology for development.</subfield>
            <subfield code="d">SCIENCE AND TECHNOLOGY--DEVELOPMENT</subfield>
            <subfield code="z">I</subfield>
        </datafield>
        <datafield tag="998" ind1=" " ind2=" ">
            <subfield code="a">20110714050800</subfield>
            <subfield code="b">pnser</subfield>
            <subfield code="c">20170109052100</subfield>
            <subfield code="d">shkcat</subfield>
        </datafield>
        <datafield tag="999" ind1=" " ind2=" ">
            <subfield code="a">pnq20110714</subfield>
            <subfield code="b">20110714</subfield>
            <subfield code="c">q</subfield>
        </datafield>
        <datafield tag="999" ind1=" " ind2=" ">
            <subfield code="a">slr20110715</subfield>
            <subfield code="b">20110715</subfield>
            <subfield code="c">r</subfield>
        </datafield>
        <datafield tag="999" ind1=" " ind2=" ">
            <subfield code="a">slt20110711</subfield>
            <subfield code="b">20110711</subfield>
            <subfield code="c">t</subfield>
        </datafield>
        <datafield tag="999" ind1=" " ind2=" ">
            <subfield code="a">mhc20110714</subfield>
            <subfield code="b">20110714</subfield>
            <subfield code="c">c</subfield>
        </datafield>
        <datafield tag="999" ind1=" " ind2=" ">
            <subfield code="a">vwt20110729</subfield>
            <subfield code="b">20110729</subfield>
            <subfield code="c">t</subfield>
        </datafield>
        <datafield tag="999" ind1=" " ind2=" ">
            <subfield code="a">shku20170109</subfield>
            <subfield code="b">20170109</subfield>
            <subfield code="c">u</subfield>
        </datafield>
    </record>