

    
    <record>
        <controlfield tag="001">704508</controlfield>
        <controlfield tag="000">00000nam\\2200025#a\4500</controlfield>
        <controlfield tag="005">20170412204616.0</controlfield>
        <controlfield tag="008">110607s2011\\\\usa\\\\#r\\\\\|||1|\eng\d</controlfield>
        <datafield tag="029" ind1=" " ind2=" ">
            <subfield code="a">JN</subfield>
            <subfield code="b">N1128764 E</subfield>
        </datafield>
        <datafield tag="035" ind1=" " ind2=" ">
            <subfield code="a">D0380681</subfield>
        </datafield>
        <datafield tag="035" ind1=" " ind2=" ">
            <subfield code="a">(DHL)948170</subfield>
        </datafield>
        <datafield tag="039" ind1=" " ind2=" ">
            <subfield code="a">DHU</subfield>
        </datafield>
        <datafield tag="040" ind1=" " ind2=" ">
            <subfield code="a">NNUN</subfield>
            <subfield code="b">eng</subfield>
        </datafield>
        <datafield tag="041" ind1=" " ind2=" ">
            <subfield code="a">arachiengfrerusspa</subfield>
        </datafield>
        <datafield tag="049" ind1=" " ind2=" ">
            <subfield code="a">usa</subfield>
        </datafield>
        <datafield tag="089" ind1=" " ind2=" ">
            <subfield code="b">B03</subfield>
        </datafield>
        <datafield tag="091" ind1=" " ind2=" ">
            <subfield code="a">GEN</subfield>
        </datafield>
        <datafield tag="099" ind1=" " ind2=" ">
            <subfield code="a">UNH</subfield>
            <subfield code="b">DHU</subfield>
        </datafield>
        <datafield tag="191" ind1=" " ind2=" ">
            <subfield code="0">1221254</subfield>
            <subfield code="9">G88</subfield>
            <subfield code="a">A/65/PV.84</subfield>
            <subfield code="b">A/</subfield>
            <subfield code="c">65</subfield>
            <subfield code="q">A65PV84</subfield>
            <subfield code="r">A65</subfield>
        </datafield>
        <datafield tag="245" ind1="1" ind2="0">
            <subfield code="a">General Assembly official records, 65th session :</subfield>
            <subfield code="b">84th plenary meeting, Monday, 4 April 2011, New York</subfield>
        </datafield>
        <datafield tag="260" ind1=" " ind2=" ">
            <subfield code="a">[New York] :</subfield>
            <subfield code="b">UN,</subfield>
            <subfield code="c">[2011]</subfield>
        </datafield>
        <datafield tag="269" ind1=" " ind2=" ">
            <subfield code="a">2011</subfield>
        </datafield>
        <datafield tag="300" ind1=" " ind2=" ">
            <subfield code="a">3 p.</subfield>
        </datafield>
        <datafield tag="495" ind1=" " ind2=" ">
            <subfield code="a">GAOR, 65th sess., Meeting records</subfield>
        </datafield>
        <datafield tag="610" ind1="2" ind2="7">
            <subfield code="0">864499</subfield>
            <subfield code="2">unbisn</subfield>
            <subfield code="a">Joint Inspection Unit</subfield>
        </datafield>
        <datafield tag="610" ind1="2" ind2="7">
            <subfield code="0">1151752</subfield>
            <subfield code="2">unbisn</subfield>
            <subfield code="a">UN Capital Master Plan</subfield>
        </datafield>
        <datafield tag="650" ind1="1" ind2="7">
            <subfield code="0">1278896</subfield>
            <subfield code="2">unbist</subfield>
            <subfield code="a">OCEANS</subfield>
        </datafield>
        <datafield tag="650" ind1="1" ind2="7">
            <subfield code="0">1278304</subfield>
            <subfield code="2">unbist</subfield>
            <subfield code="a">LAW OF THE SEA</subfield>
        </datafield>
        <datafield tag="650" ind1="1" ind2="7">
            <subfield code="0">1278887</subfield>
            <subfield code="2">unbist</subfield>
            <subfield code="a">MARINE ENVIRONMENT</subfield>
        </datafield>
        <datafield tag="650" ind1="1" ind2="7">
            <subfield code="0">1278475</subfield>
            <subfield code="2">unbist</subfield>
            <subfield code="a">PROGRAMME BUDGETING</subfield>
        </datafield>
        <datafield tag="650" ind1="1" ind2="7">
            <subfield code="0">1280409</subfield>
            <subfield code="2">unbist</subfield>
            <subfield code="a">OFFICE BUILDINGS</subfield>
        </datafield>
        <datafield tag="793" ind1=" " ind2=" ">
            <subfield code="a">PL</subfield>
        </datafield>
        <datafield tag="856" ind1="4" ind2=" ">
            <subfield code="s">117086</subfield>
            <subfield code="u">http://digitallibrary.un.org/record/704508/files/A_65_PV.84-AR.pdf</subfield>
            <subfield code="y">العربية</subfield>
        </datafield>
        <datafield tag="856" ind1="4" ind2=" ">
            <subfield code="s">145988</subfield>
            <subfield code="u">http://digitallibrary.un.org/record/704508/files/A_65_PV.84-ZH.pdf</subfield>
            <subfield code="y">中文</subfield>
        </datafield>
        <datafield tag="856" ind1="4" ind2=" ">
            <subfield code="s">37605</subfield>
            <subfield code="u">http://digitallibrary.un.org/record/704508/files/A_65_PV.84-EN.pdf</subfield>
            <subfield code="y">English</subfield>
        </datafield>
        <datafield tag="856" ind1="4" ind2=" ">
            <subfield code="s">40604</subfield>
            <subfield code="u">http://digitallibrary.un.org/record/704508/files/A_65_PV.84-FR.pdf</subfield>
            <subfield code="y">Français</subfield>
        </datafield>
        <datafield tag="856" ind1="4" ind2=" ">
            <subfield code="s">186485</subfield>
            <subfield code="u">http://digitallibrary.un.org/record/704508/files/A_65_PV.84-RU.pdf</subfield>
            <subfield code="y">Русский</subfield>
        </datafield>
        <datafield tag="856" ind1="4" ind2=" ">
            <subfield code="s">125383</subfield>
            <subfield code="u">http://digitallibrary.un.org/record/704508/files/A_65_PV.84-ES.pdf</subfield>
            <subfield code="y">Español</subfield>
        </datafield>
        <datafield tag="930" ind1=" " ind2=" ">
            <subfield code="a">UNDJN11</subfield>
        </datafield>
        <datafield tag="949" ind1=" " ind2=" ">
            <subfield code="9">A(01)/R3</subfield>
            <subfield code="b">1783535.5.1</subfield>
            <subfield code="c">c. 1</subfield>
            <subfield code="d">20110606200000</subfield>
            <subfield code="i">1783535</subfield>
            <subfield code="k">unss</subfield>
            <subfield code="l">DHL</subfield>
            <subfield code="m">14day</subfield>
            <subfield code="z">t</subfield>
        </datafield>
        <datafield tag="949" ind1=" " ind2=" ">
            <subfield code="9">A(01)/R3</subfield>
            <subfield code="b">1783534.4.1</subfield>
            <subfield code="c">c. 1</subfield>
            <subfield code="d">20110606200000</subfield>
            <subfield code="i">1783534</subfield>
            <subfield code="k">unrs</subfield>
            <subfield code="l">DHL</subfield>
            <subfield code="m">14day</subfield>
            <subfield code="z">t</subfield>
        </datafield>
        <datafield tag="949" ind1=" " ind2=" ">
            <subfield code="9">A(01)/R3</subfield>
            <subfield code="b">1783531.1.1</subfield>
            <subfield code="c">c. 1</subfield>
            <subfield code="d">20110606200000</subfield>
            <subfield code="i">1783531</subfield>
            <subfield code="k">unas</subfield>
            <subfield code="l">DHL</subfield>
            <subfield code="m">14day</subfield>
            <subfield code="z">t</subfield>
        </datafield>
        <datafield tag="949" ind1=" " ind2=" ">
            <subfield code="9">A(01)/R3</subfield>
            <subfield code="b">1783533.3.1</subfield>
            <subfield code="c">c. 1</subfield>
            <subfield code="d">20110606200000</subfield>
            <subfield code="i">1783533</subfield>
            <subfield code="k">unfs</subfield>
            <subfield code="l">DHL</subfield>
            <subfield code="m">14day</subfield>
            <subfield code="z">t</subfield>
        </datafield>
        <datafield tag="949" ind1=" " ind2=" ">
            <subfield code="9">A(01)/R3</subfield>
            <subfield code="b">10000000948170</subfield>
            <subfield code="c">c. 1</subfield>
            <subfield code="d">20110606200000</subfield>
            <subfield code="i">1783530</subfield>
            <subfield code="k">unes</subfield>
            <subfield code="l">DHL</subfield>
            <subfield code="m">14day</subfield>
            <subfield code="z">t</subfield>
        </datafield>
        <datafield tag="949" ind1=" " ind2=" ">
            <subfield code="9">A(01)/R3</subfield>
            <subfield code="b">1783532.2.1</subfield>
            <subfield code="c">c. 1</subfield>
            <subfield code="d">20110606200000</subfield>
            <subfield code="i">1783532</subfield>
            <subfield code="k">uncs</subfield>
            <subfield code="l">DHL</subfield>
            <subfield code="m">14day</subfield>
            <subfield code="z">t</subfield>
        </datafield>
        <datafield tag="980" ind1=" " ind2=" ">
            <subfield code="a">BIB</subfield>
        </datafield>
        <datafield tag="989" ind1=" " ind2=" ">
            <subfield code="a">Documents and Publications</subfield>
            <subfield code="b">Meeting Records</subfield>
            <subfield code="c">Verbatim Records</subfield>
        </datafield>
        <datafield tag="991" ind1="1" ind2=" ">
            <subfield code="0">1221567</subfield>
            <subfield code="a">A/65/251</subfield>
            <subfield code="b">74a</subfield>
            <subfield code="c">Oceans and the law of the sea.</subfield>
            <subfield code="d">LAW OF THE SEA</subfield>
            <subfield code="e">At the 84th meeting, draft resolution A/65/L.65 was adopted without vote: resolution 65/37 B</subfield>
            <subfield code="z">I</subfield>
        </datafield>
        <datafield tag="991" ind1="1" ind2=" ">
            <subfield code="0">1222071</subfield>
            <subfield code="a">A/65/251</subfield>
            <subfield code="b">129</subfield>
            <subfield code="c">Programme budget for the biennium 2010-2011.</subfield>
            <subfield code="d">UN--BUDGET (2010-2011)</subfield>
            <subfield code="e">At the 84th meeting, action on draft resolutions in A/65/646/Add.2 was as follows: draft resolution I (originally A/C.5/65/L.27), adopted without vote: resolution 65/268; draft resolution II (originally A/C.5/65/L.28), adopted without vote: resolution 65/269</subfield>
            <subfield code="z">I</subfield>
        </datafield>
        <datafield tag="991" ind1="1" ind2=" ">
            <subfield code="0">1222078</subfield>
            <subfield code="a">A/65/251</subfield>
            <subfield code="b">135</subfield>
            <subfield code="c">Joint Inspection Unit.</subfield>
            <subfield code="d">JOINT INSPECTION UNIT</subfield>
            <subfield code="e">At the 84th meeting, draft resolution in A/65/796 (originally A/C.5/65/L.29) was adopted without vote: resolution 65/270</subfield>
            <subfield code="z">I</subfield>
        </datafield>
        <datafield tag="992" ind1=" " ind2=" ">
            <subfield code="a">20110404</subfield>
        </datafield>
        <datafield tag="998" ind1=" " ind2=" ">
            <subfield code="a">20110607045900</subfield>
            <subfield code="b">pnser</subfield>
            <subfield code="c">20110614072000</subfield>
            <subfield code="d">vwcat2</subfield>
        </datafield>
        <datafield tag="999" ind1=" " ind2=" ">
            <subfield code="a">slr20110607</subfield>
            <subfield code="b">20110607</subfield>
            <subfield code="c">r</subfield>
        </datafield>
        <datafield tag="999" ind1=" " ind2=" ">
            <subfield code="a">pnq20110607</subfield>
            <subfield code="b">20110607</subfield>
            <subfield code="c">q</subfield>
        </datafield>
        <datafield tag="999" ind1=" " ind2=" ">
            <subfield code="a">mhc20110607</subfield>
            <subfield code="b">20110607</subfield>
            <subfield code="c">c</subfield>
        </datafield>
        <datafield tag="999" ind1=" " ind2=" ">
            <subfield code="a">vwt20110614</subfield>
            <subfield code="b">20110614</subfield>
            <subfield code="c">t</subfield>
        </datafield>
    </record>