

    
    <record>
        <controlfield tag="001">704232</controlfield>
        <controlfield tag="000">00000nam\\2200025#a\4500</controlfield>
        <controlfield tag="005">20170412204310.0</controlfield>
        <controlfield tag="008">110602s2011\\\\usa\\\\#r\\\\\|||1|\eng\d</controlfield>
        <datafield tag="029" ind1=" " ind2=" ">
            <subfield code="a">JN</subfield>
            <subfield code="b">N1130249 E</subfield>
        </datafield>
        <datafield tag="035" ind1=" " ind2=" ">
            <subfield code="a">D0380633</subfield>
        </datafield>
        <datafield tag="035" ind1=" " ind2=" ">
            <subfield code="a">(DHL)947866</subfield>
        </datafield>
        <datafield tag="039" ind1=" " ind2=" ">
            <subfield code="a">DHU</subfield>
        </datafield>
        <datafield tag="040" ind1=" " ind2=" ">
            <subfield code="a">NNUN</subfield>
            <subfield code="b">eng</subfield>
        </datafield>
        <datafield tag="041" ind1=" " ind2=" ">
            <subfield code="a">arachiengfrerusspa</subfield>
        </datafield>
        <datafield tag="049" ind1=" " ind2=" ">
            <subfield code="a">usa</subfield>
        </datafield>
        <datafield tag="089" ind1=" " ind2=" ">
            <subfield code="b">B03</subfield>
        </datafield>
        <datafield tag="089" ind1=" " ind2=" ">
            <subfield code="b">B07</subfield>
        </datafield>
        <datafield tag="091" ind1=" " ind2=" ">
            <subfield code="a">GEN</subfield>
        </datafield>
        <datafield tag="099" ind1=" " ind2=" ">
            <subfield code="a">UNH</subfield>
            <subfield code="b">DHU</subfield>
        </datafield>
        <datafield tag="191" ind1=" " ind2=" ">
            <subfield code="0">1221254</subfield>
            <subfield code="9">G88</subfield>
            <subfield code="a">A/65/PV.86</subfield>
            <subfield code="b">A/</subfield>
            <subfield code="c">65</subfield>
            <subfield code="q">A65PV86</subfield>
            <subfield code="r">A65</subfield>
        </datafield>
        <datafield tag="245" ind1="1" ind2="0">
            <subfield code="a">General Assembly official records, 65th session :</subfield>
            <subfield code="b">86th plenary meeting, Monday, 18 April 2011, New York</subfield>
        </datafield>
        <datafield tag="260" ind1=" " ind2=" ">
            <subfield code="a">[New York] :</subfield>
            <subfield code="b">UN,</subfield>
            <subfield code="c">[2011]</subfield>
        </datafield>
        <datafield tag="269" ind1=" " ind2=" ">
            <subfield code="a">2011</subfield>
        </datafield>
        <datafield tag="300" ind1=" " ind2=" ">
            <subfield code="a">6 p.</subfield>
        </datafield>
        <datafield tag="495" ind1=" " ind2=" ">
            <subfield code="a">GAOR, 65th sess., Meeting records</subfield>
        </datafield>
        <datafield tag="610" ind1="2" ind2="7">
            <subfield code="0">866633</subfield>
            <subfield code="2">unbisn</subfield>
            <subfield code="a">UNRWA</subfield>
        </datafield>
        <datafield tag="610" ind1="2" ind2="7">
            <subfield code="0">1083401</subfield>
            <subfield code="2">unbisn</subfield>
            <subfield code="a">African Union</subfield>
        </datafield>
        <datafield tag="610" ind1="2" ind2="7">
            <subfield code="0">864478</subfield>
            <subfield code="2">unbisn</subfield>
            <subfield code="a">UN System</subfield>
        </datafield>
        <datafield tag="630" ind1="0" ind2="7">
            <subfield code="0">1110981</subfield>
            <subfield code="2">unbisn</subfield>
            <subfield code="a">Declaration of Commitment on HIV/AIDS (2001)</subfield>
        </datafield>
        <datafield tag="630" ind1="0" ind2="7">
            <subfield code="0">1175538</subfield>
            <subfield code="2">unbisn</subfield>
            <subfield code="a">Political Declaration on HIV/AIDS (2006)</subfield>
        </datafield>
        <datafield tag="630" ind1="0" ind2="7">
            <subfield code="0">1105160</subfield>
            <subfield code="2">unbisn</subfield>
            <subfield code="a">UN Decade to Roll Back Malaria in Developing Countries, Particularly in Africa (2001-2010)</subfield>
        </datafield>
        <datafield tag="650" ind1="1" ind2="7">
            <subfield code="0">1280973</subfield>
            <subfield code="2">unbist</subfield>
            <subfield code="a">PALESTINE REFUGEES</subfield>
        </datafield>
        <datafield tag="650" ind1="1" ind2="7">
            <subfield code="0">1283975</subfield>
            <subfield code="2">unbist</subfield>
            <subfield code="a">AIDS PREVENTION</subfield>
        </datafield>
        <datafield tag="650" ind1="1" ind2="7">
            <subfield code="0">1280554</subfield>
            <subfield code="2">unbist</subfield>
            <subfield code="a">MALARIA</subfield>
        </datafield>
        <datafield tag="650" ind1="1" ind2="7">
            <subfield code="0">1280514</subfield>
            <subfield code="2">unbist</subfield>
            <subfield code="a">DISEASE PREVENTION</subfield>
        </datafield>
        <datafield tag="650" ind1="1" ind2="7">
            <subfield code="0">1283968</subfield>
            <subfield code="2">unbist</subfield>
            <subfield code="a">REGIONAL SECURITY</subfield>
        </datafield>
        <datafield tag="650" ind1="2" ind2="7">
            <subfield code="0">1282939</subfield>
            <subfield code="2">unbist</subfield>
            <subfield code="a">COOPERATION BETWEEN ORGANIZATIONS</subfield>
        </datafield>
        <datafield tag="793" ind1=" " ind2=" ">
            <subfield code="a">PL</subfield>
        </datafield>
        <datafield tag="856" ind1="4" ind2=" ">
            <subfield code="s">149458</subfield>
            <subfield code="u">http://digitallibrary.un.org/record/704232/files/A_65_PV.86-AR.pdf</subfield>
            <subfield code="y">العربية</subfield>
        </datafield>
        <datafield tag="856" ind1="4" ind2=" ">
            <subfield code="s">224952</subfield>
            <subfield code="u">http://digitallibrary.un.org/record/704232/files/A_65_PV.86-ZH.pdf</subfield>
            <subfield code="y">中文</subfield>
        </datafield>
        <datafield tag="856" ind1="4" ind2=" ">
            <subfield code="s">53707</subfield>
            <subfield code="u">http://digitallibrary.un.org/record/704232/files/A_65_PV.86-EN.pdf</subfield>
            <subfield code="y">English</subfield>
        </datafield>
        <datafield tag="856" ind1="4" ind2=" ">
            <subfield code="s">63243</subfield>
            <subfield code="u">http://digitallibrary.un.org/record/704232/files/A_65_PV.86-FR.pdf</subfield>
            <subfield code="y">Français</subfield>
        </datafield>
        <datafield tag="856" ind1="4" ind2=" ">
            <subfield code="s">238284</subfield>
            <subfield code="u">http://digitallibrary.un.org/record/704232/files/A_65_PV.86-RU.pdf</subfield>
            <subfield code="y">Русский</subfield>
        </datafield>
        <datafield tag="856" ind1="4" ind2=" ">
            <subfield code="s">160330</subfield>
            <subfield code="u">http://digitallibrary.un.org/record/704232/files/A_65_PV.86-ES.pdf</subfield>
            <subfield code="y">Español</subfield>
        </datafield>
        <datafield tag="930" ind1=" " ind2=" ">
            <subfield code="a">UNDJN11</subfield>
        </datafield>
        <datafield tag="949" ind1=" " ind2=" ">
            <subfield code="9">A(01)/R3</subfield>
            <subfield code="b">1782795.2.1</subfield>
            <subfield code="c">c. 1</subfield>
            <subfield code="d">20110601200000</subfield>
            <subfield code="i">1782795</subfield>
            <subfield code="k">uncs</subfield>
            <subfield code="l">DHL</subfield>
            <subfield code="m">14day</subfield>
            <subfield code="z">t</subfield>
        </datafield>
        <datafield tag="949" ind1=" " ind2=" ">
            <subfield code="9">A(01)/R3</subfield>
            <subfield code="b">1782798.5.1</subfield>
            <subfield code="c">c. 1</subfield>
            <subfield code="d">20110601200000</subfield>
            <subfield code="i">1782798</subfield>
            <subfield code="k">unss</subfield>
            <subfield code="l">DHL</subfield>
            <subfield code="m">14day</subfield>
            <subfield code="z">t</subfield>
        </datafield>
        <datafield tag="949" ind1=" " ind2=" ">
            <subfield code="9">A(01)/R3</subfield>
            <subfield code="b">10000000947866</subfield>
            <subfield code="c">c. 1</subfield>
            <subfield code="d">20110601200000</subfield>
            <subfield code="i">1782793</subfield>
            <subfield code="k">unes</subfield>
            <subfield code="l">DHL</subfield>
            <subfield code="m">14day</subfield>
            <subfield code="z">t</subfield>
        </datafield>
        <datafield tag="949" ind1=" " ind2=" ">
            <subfield code="9">A(01)/R3</subfield>
            <subfield code="b">1782797.4.1</subfield>
            <subfield code="c">c. 1</subfield>
            <subfield code="d">20110601200000</subfield>
            <subfield code="i">1782797</subfield>
            <subfield code="k">unrs</subfield>
            <subfield code="l">DHL</subfield>
            <subfield code="m">14day</subfield>
            <subfield code="z">t</subfield>
        </datafield>
        <datafield tag="949" ind1=" " ind2=" ">
            <subfield code="9">A(01)/R3</subfield>
            <subfield code="b">1782796.3.1</subfield>
            <subfield code="c">c. 1</subfield>
            <subfield code="d">20110601200000</subfield>
            <subfield code="i">1782796</subfield>
            <subfield code="k">unfs</subfield>
            <subfield code="l">DHL</subfield>
            <subfield code="m">14day</subfield>
            <subfield code="z">t</subfield>
        </datafield>
        <datafield tag="949" ind1=" " ind2=" ">
            <subfield code="9">A(01)/R3</subfield>
            <subfield code="b">1782794.1.1</subfield>
            <subfield code="c">c. 1</subfield>
            <subfield code="d">20110601200000</subfield>
            <subfield code="i">1782794</subfield>
            <subfield code="k">unas</subfield>
            <subfield code="l">DHL</subfield>
            <subfield code="m">14day</subfield>
            <subfield code="z">t</subfield>
        </datafield>
        <datafield tag="980" ind1=" " ind2=" ">
            <subfield code="a">BIB</subfield>
        </datafield>
        <datafield tag="989" ind1=" " ind2=" ">
            <subfield code="a">Documents and Publications</subfield>
            <subfield code="b">Meeting Records</subfield>
            <subfield code="c">Verbatim Records</subfield>
        </datafield>
        <datafield tag="991" ind1="1" ind2=" ">
            <subfield code="0">1221412</subfield>
            <subfield code="a">A/65/251</subfield>
            <subfield code="b">51</subfield>
            <subfield code="c">United Nations Relief and Works Agency for Palestine Refugees in the Near East.</subfield>
            <subfield code="d">UNRWA--ACTIVITIES</subfield>
            <subfield code="e">At the 86th meeting, draft resolution in A/65/422/Add.1 (originally A/C.4/65/L.17) was adopted (123-1-0): resolution 65/272</subfield>
            <subfield code="z">I</subfield>
        </datafield>
        <datafield tag="991" ind1="1" ind2=" ">
            <subfield code="0">1221288</subfield>
            <subfield code="a">A/65/251</subfield>
            <subfield code="b">10</subfield>
            <subfield code="c">Implementation of the Declaration of Commitment on HIV/AIDS and the Political Declaration on HIV/AIDS.</subfield>
            <subfield code="d">HIV/AIDS--DECLARATIONS</subfield>
            <subfield code="e">At the 86th meeting, draft decision A/65/L.71 was adopted without vote: decision 65/547</subfield>
            <subfield code="z">I</subfield>
        </datafield>
        <datafield tag="991" ind1="1" ind2=" ">
            <subfield code="0">1221290</subfield>
            <subfield code="a">A/65/251</subfield>
            <subfield code="b">12</subfield>
            <subfield code="c">2001-2010 : Decade to Roll Back Malaria in Developing Countries, Particularly in Africa.</subfield>
            <subfield code="d">MALARIA--INTERNATIONAL DECADE (2001-2010)</subfield>
            <subfield code="e">At the 86th meeting, draft resolution A/65/L.70, as orally revised, was adopted without vote: resolution 65/273</subfield>
            <subfield code="z">I</subfield>
        </datafield>
        <datafield tag="991" ind1="1" ind2=" ">
            <subfield code="0">1222014</subfield>
            <subfield code="a">A/65/251</subfield>
            <subfield code="b">122a</subfield>
            <subfield code="c">Cooperation between the United Nations and the African Union.</subfield>
            <subfield code="d">AFRICAN UNION--UN</subfield>
            <subfield code="e">At the 86th meeting, draft resolution A/65/L.68 was adopted without vote: resolution 65/274</subfield>
            <subfield code="z">I</subfield>
        </datafield>
        <datafield tag="992" ind1=" " ind2=" ">
            <subfield code="a">20110418</subfield>
        </datafield>
        <datafield tag="998" ind1=" " ind2=" ">
            <subfield code="a">20110602051200</subfield>
            <subfield code="b">pnser</subfield>
            <subfield code="c">20110614074400</subfield>
            <subfield code="d">vwcat2</subfield>
        </datafield>
        <datafield tag="999" ind1=" " ind2=" ">
            <subfield code="a">jmr20110614</subfield>
            <subfield code="b">20110614</subfield>
            <subfield code="c">r</subfield>
        </datafield>
        <datafield tag="999" ind1=" " ind2=" ">
            <subfield code="a">pnq20110602</subfield>
            <subfield code="b">20110602</subfield>
            <subfield code="c">q</subfield>
        </datafield>
        <datafield tag="999" ind1=" " ind2=" ">
            <subfield code="a">mhc20110602</subfield>
            <subfield code="b">20110602</subfield>
            <subfield code="c">c</subfield>
        </datafield>
        <datafield tag="999" ind1=" " ind2=" ">
            <subfield code="a">vwt20110614</subfield>
            <subfield code="b">20110614</subfield>
            <subfield code="c">t</subfield>
        </datafield>
    </record>