

    
<record>
  <controlfield tag="000">00000nam\\22000255a\4500</controlfield>
  <controlfield tag="001">700008</controlfield>
  <controlfield tag="005">20170518001446.0</controlfield>
  <controlfield tag="008">110329s2011\\\\usa\\\\#r\\\\\|||1|\eng\d</controlfield>
  <datafield tag="029" ind1=" " ind2=" ">
    <subfield code="a">JN</subfield>
    <subfield code="b">N1124233 E</subfield>
  </datafield>
  <datafield tag="035" ind1=" " ind2=" ">
    <subfield code="a">D0379576</subfield>
  </datafield>
  <datafield tag="035" ind1=" " ind2=" ">
    <subfield code="a">(DHL)943035</subfield>
  </datafield>
  <datafield tag="039" ind1=" " ind2=" ">
    <subfield code="a">DHU</subfield>
  </datafield>
  <datafield tag="040" ind1=" " ind2=" ">
    <subfield code="a">NNUN</subfield>
    <subfield code="b">eng</subfield>
  </datafield>
  <datafield tag="041" ind1=" " ind2=" ">
    <subfield code="a">arachiengfrerusspa</subfield>
  </datafield>
  <datafield tag="049" ind1=" " ind2=" ">
    <subfield code="a">usa</subfield>
  </datafield>
  <datafield tag="089" ind1=" " ind2=" ">
    <subfield code="b">B04</subfield>
  </datafield>
  <datafield tag="091" ind1=" " ind2=" ">
    <subfield code="a">GEN</subfield>
  </datafield>
  <datafield tag="099" ind1=" " ind2=" ">
    <subfield code="a">UNH</subfield>
    <subfield code="b">DHU</subfield>
    <subfield code="c">E(01)/R3</subfield>
    <subfield code="q">E01R3</subfield>
  </datafield>
  <datafield tag="191" ind1=" " ind2=" ">
    <subfield code="a">E/2011/36</subfield>
    <subfield code="b">E/</subfield>
    <subfield code="c">2011-S</subfield>
    <subfield code="9">C00</subfield>
    <subfield code="q">E201136</subfield>
    <subfield code="r">E2011S</subfield>
    <subfield code="0">(DHLAUTH)792541</subfield>
  </datafield>
  <datafield tag="245" ind1="1" ind2="0">
    <subfield code="a">Executive Board of the World Food Programme :</subfield>
    <subfield code="b">report on the 1st and 2nd regular sessions and annual session of 2010</subfield>
  </datafield>
  <datafield tag="260" ind1=" " ind2=" ">
    <subfield code="a">New York :</subfield>
    <subfield code="b">UN,</subfield>
    <subfield code="c">2011</subfield>
  </datafield>
  <datafield tag="269" ind1=" " ind2=" ">
    <subfield code="a">2011</subfield>
  </datafield>
  <datafield tag="300" ind1=" " ind2=" ">
    <subfield code="a">iii, 66 p.</subfield>
  </datafield>
  <datafield tag="495" ind1=" " ind2=" ">
    <subfield code="a">ESCOR, 2011, Suppl. no. 16</subfield>
  </datafield>
  <datafield tag="610" ind1="2" ind2="7">
    <subfield code="a">World Food Programme</subfield>
    <subfield code="g">Programme management</subfield>
    <subfield code="2">unbisn</subfield>
    <subfield code="0">(DHLAUTH)378068</subfield>
  </datafield>
  <datafield tag="610" ind1="2" ind2="7">
    <subfield code="a">World Food Programme. Executive Board (2010, 1st sess. : Rome)</subfield>
    <subfield code="g">Resolutions and decisions</subfield>
    <subfield code="2">unbisn</subfield>
    <subfield code="0">(DHLAUTH)796988</subfield>
  </datafield>
  <datafield tag="610" ind1="2" ind2="7">
    <subfield code="a">World Food Programme. Executive Board (2010, 1st sess. : Rome)</subfield>
    <subfield code="g">Recommendations</subfield>
    <subfield code="2">unbisn</subfield>
    <subfield code="0">(DHLAUTH)796989</subfield>
  </datafield>
  <datafield tag="610" ind1="2" ind2="7">
    <subfield code="a">World Food Programme. Executive Board (2010, 1st sess. : Rome)</subfield>
    <subfield code="g">Agenda</subfield>
    <subfield code="2">unbisn</subfield>
    <subfield code="0">(DHLAUTH)796990</subfield>
  </datafield>
  <datafield tag="610" ind1="2" ind2="7">
    <subfield code="a">World Food Programme. Executive Board (2010, 2nd sess. : Rome)</subfield>
    <subfield code="g">Resolutions and decisions</subfield>
    <subfield code="2">unbisn</subfield>
    <subfield code="0">(DHLAUTH)796994</subfield>
  </datafield>
  <datafield tag="610" ind1="2" ind2="7">
    <subfield code="a">World Food Programme. Executive Board (2010, 2nd sess. : Rome)</subfield>
    <subfield code="g">Recommendations</subfield>
    <subfield code="2">unbisn</subfield>
    <subfield code="0">(DHLAUTH)796995</subfield>
  </datafield>
  <datafield tag="610" ind1="2" ind2="7">
    <subfield code="a">World Food Programme. Executive Board (2010, 2nd sess. : Rome)</subfield>
    <subfield code="g">Agenda</subfield>
    <subfield code="2">unbisn</subfield>
    <subfield code="0">(DHLAUTH)796996</subfield>
  </datafield>
  <datafield tag="610" ind1="2" ind2="7">
    <subfield code="a">World Food Programme. Executive Board (2010, annual sess. : Rome)</subfield>
    <subfield code="g">Resolutions and decisions</subfield>
    <subfield code="2">unbisn</subfield>
    <subfield code="0">(DHLAUTH)796991</subfield>
  </datafield>
  <datafield tag="610" ind1="2" ind2="7">
    <subfield code="a">World Food Programme. Executive Board (2010, annual sess. : Rome)</subfield>
    <subfield code="g">Recommendations</subfield>
    <subfield code="2">unbisn</subfield>
    <subfield code="0">(DHLAUTH)796992</subfield>
  </datafield>
  <datafield tag="610" ind1="2" ind2="7">
    <subfield code="a">World Food Programme. Executive Board (2010, annual sess. : Rome)</subfield>
    <subfield code="g">Agenda</subfield>
    <subfield code="2">unbisn</subfield>
    <subfield code="0">(DHLAUTH)796993</subfield>
  </datafield>
  <datafield tag="650" ind1="1" ind2="7">
    <subfield code="a">FOOD AID</subfield>
    <subfield code="2">unbist</subfield>
    <subfield code="0">(DHLAUTH)271388</subfield>
  </datafield>
  <datafield tag="650" ind1="1" ind2="7">
    <subfield code="a">FOOD SECURITY</subfield>
    <subfield code="2">unbist</subfield>
    <subfield code="0">(DHLAUTH)273653</subfield>
  </datafield>
  <datafield tag="650" ind1="1" ind2="7">
    <subfield code="a">OPERATIONAL ACTIVITIES</subfield>
    <subfield code="2">unbist</subfield>
    <subfield code="0">(DHLAUTH)269992</subfield>
  </datafield>
  <datafield tag="710" ind1="2" ind2=" ">
    <subfield code="a">World Food Programme. Executive Board (2010, 1st sess. : Rome)</subfield>
    <subfield code="0">(DHLAUTH)796997</subfield>
  </datafield>
  <datafield tag="710" ind1="2" ind2=" ">
    <subfield code="a">World Food Programme. Executive Board (2010, 2nd sess. : Rome)</subfield>
    <subfield code="0">(DHLAUTH)796998</subfield>
  </datafield>
  <datafield tag="710" ind1="2" ind2=" ">
    <subfield code="a">World Food Programme. Executive Board (2010, annual sess. : Rome)</subfield>
    <subfield code="0">(DHLAUTH)796999</subfield>
  </datafield>
  <datafield tag="830" ind1=" " ind2=" ">
    <subfield code="a">Report of the Executive Board of the World Food Programme</subfield>
    <subfield code="0">(DHLAUTH)882307</subfield>
  </datafield>
  <datafield tag="830" ind1=" " ind2=" ">
    <subfield code="a">Economic and Social Council. Official Records. Supplement</subfield>
    <subfield code="0">(DHLAUTH)882024</subfield>
  </datafield>
  <datafield tag="856" ind1="4" ind2=" ">
    <subfield code="s">365118</subfield>
    <subfield code="u">http://digitallibrary.un.org/record/700008/files/E_2011_36-FR.pdf</subfield>
    <subfield code="y">Français</subfield>
  </datafield>
  <datafield tag="856" ind1="4" ind2=" ">
    <subfield code="s">381473</subfield>
    <subfield code="u">http://digitallibrary.un.org/record/700008/files/E_2011_36-EN.pdf</subfield>
    <subfield code="y">English</subfield>
  </datafield>
  <datafield tag="856" ind1="4" ind2=" ">
    <subfield code="s">485048</subfield>
    <subfield code="u">http://digitallibrary.un.org/record/700008/files/E_2011_36-ES.pdf</subfield>
    <subfield code="y">Español</subfield>
  </datafield>
  <datafield tag="856" ind1="4" ind2=" ">
    <subfield code="s">496494</subfield>
    <subfield code="u">http://digitallibrary.un.org/record/700008/files/E_2011_36-AR.pdf</subfield>
    <subfield code="y">العربية</subfield>
  </datafield>
  <datafield tag="856" ind1="4" ind2=" ">
    <subfield code="s">526905</subfield>
    <subfield code="u">http://digitallibrary.un.org/record/700008/files/E_2011_36-RU.pdf</subfield>
    <subfield code="y">Русский</subfield>
  </datafield>
  <datafield tag="856" ind1="4" ind2=" ">
    <subfield code="s">622206</subfield>
    <subfield code="u">http://digitallibrary.un.org/record/700008/files/E_2011_36-ZH.pdf</subfield>
    <subfield code="y">中文</subfield>
  </datafield>
  <datafield tag="930" ind1=" " ind2=" ">
    <subfield code="a">UNDMA11</subfield>
  </datafield>
  <datafield tag="949" ind1=" " ind2=" ">
    <subfield code="9">E(01)/R3</subfield>
    <subfield code="b">1772630.5.1</subfield>
    <subfield code="i">1772630</subfield>
    <subfield code="k">unss</subfield>
    <subfield code="c">c. 1</subfield>
    <subfield code="l">DHL</subfield>
    <subfield code="z">t</subfield>
    <subfield code="m">14day</subfield>
    <subfield code="d">20110328200000</subfield>
  </datafield>
  <datafield tag="949" ind1=" " ind2=" ">
    <subfield code="9">E(01)/R3</subfield>
    <subfield code="b">10000009430351</subfield>
    <subfield code="i">1772624</subfield>
    <subfield code="k">unes</subfield>
    <subfield code="c">c. 1</subfield>
    <subfield code="l">DHL</subfield>
    <subfield code="z">t</subfield>
    <subfield code="m">14day</subfield>
    <subfield code="d">20110328200000</subfield>
  </datafield>
  <datafield tag="949" ind1=" " ind2=" ">
    <subfield code="9">E(01)/R3</subfield>
    <subfield code="b">1772626.1.1</subfield>
    <subfield code="i">1772626</subfield>
    <subfield code="k">unas</subfield>
    <subfield code="c">c. 1</subfield>
    <subfield code="l">DHL</subfield>
    <subfield code="z">t</subfield>
    <subfield code="m">14day</subfield>
    <subfield code="d">20110328200000</subfield>
  </datafield>
  <datafield tag="949" ind1=" " ind2=" ">
    <subfield code="9">E(01)/R3</subfield>
    <subfield code="b">1772629.4.1</subfield>
    <subfield code="i">1772629</subfield>
    <subfield code="k">unrs</subfield>
    <subfield code="c">c. 1</subfield>
    <subfield code="l">DHL</subfield>
    <subfield code="z">t</subfield>
    <subfield code="m">14day</subfield>
    <subfield code="d">20110328200000</subfield>
  </datafield>
  <datafield tag="949" ind1=" " ind2=" ">
    <subfield code="9">E(01)/R3</subfield>
    <subfield code="b">1772627.2.1</subfield>
    <subfield code="i">1772627</subfield>
    <subfield code="k">uncs</subfield>
    <subfield code="c">c. 1</subfield>
    <subfield code="l">DHL</subfield>
    <subfield code="z">t</subfield>
    <subfield code="m">14day</subfield>
    <subfield code="d">20110328200000</subfield>
  </datafield>
  <datafield tag="949" ind1=" " ind2=" ">
    <subfield code="9">E(01)/R3</subfield>
    <subfield code="b">1772628.3.1</subfield>
    <subfield code="i">1772628</subfield>
    <subfield code="k">unfs</subfield>
    <subfield code="c">c. 1</subfield>
    <subfield code="l">DHL</subfield>
    <subfield code="z">t</subfield>
    <subfield code="m">14day</subfield>
    <subfield code="d">20110328200000</subfield>
  </datafield>
  <datafield tag="991" ind1="2" ind2=" ">
    <subfield code="a">E/2011/100</subfield>
    <subfield code="b">3b</subfield>
    <subfield code="c">Reports of the Executive Boards of the United Nations Development Programme/United Nations Population Fund, the United Nations Children's Fund, the United Nations Entity for Gender Equality and the Empowerment of Women and the World Food Programme.</subfield>
    <subfield code="0">(DHLAUTH)798866</subfield>
  </datafield>
  <datafield tag="991" ind1="2" ind2=" ">
    <subfield code="a">E/2011/100</subfield>
    <subfield code="b">3b[3]</subfield>
    <subfield code="d">WORLD FOOD PROGRAMME</subfield>
    <subfield code="z">I</subfield>
    <subfield code="0">(DHLAUTH)800771</subfield>
  </datafield>
  <datafield tag="998" ind1=" " ind2=" ">
    <subfield code="a">20110329051800</subfield>
    <subfield code="b">bccat</subfield>
    <subfield code="c">20170508124900</subfield>
    <subfield code="d">shkcat</subfield>
  </datafield>
  <datafield tag="999" ind1=" " ind2=" ">
    <subfield code="a">shku20170508</subfield>
    <subfield code="b">20170508</subfield>
    <subfield code="c">u</subfield>
  </datafield>
  <datafield tag="999" ind1=" " ind2=" ">
    <subfield code="a">mhr20110330</subfield>
    <subfield code="b">20110330</subfield>
    <subfield code="c">r</subfield>
  </datafield>
  <datafield tag="999" ind1=" " ind2=" ">
    <subfield code="a">bcq20110329</subfield>
    <subfield code="b">20110329</subfield>
    <subfield code="c">q</subfield>
  </datafield>
  <datafield tag="999" ind1=" " ind2=" ">
    <subfield code="a">skic20110329</subfield>
    <subfield code="b">20110329</subfield>
    <subfield code="c">c</subfield>
  </datafield>
  <datafield tag="999" ind1=" " ind2=" ">
    <subfield code="a">vwu20110330</subfield>
    <subfield code="b">20110330</subfield>
    <subfield code="c">u</subfield>
  </datafield>
  <datafield tag="999" ind1=" " ind2=" ">
    <subfield code="a">vwt20120619</subfield>
    <subfield code="b">20120619</subfield>
    <subfield code="c">t</subfield>
  </datafield>
</record>