
    <record>
        <controlfield tag="001">718452</controlfield>
        <controlfield tag="000">00000nam\\2200025#a\4500</controlfield>
        <controlfield tag="005">20170412204723.0</controlfield>
        <controlfield tag="008">111228s2011\\\\usa\\\\#r\\\\\|||1|\eng\d</controlfield>
        <datafield tag="029" ind1=" " ind2=" ">
            <subfield code="a">JN</subfield>
            <subfield code="b">N1164963 E</subfield>
        </datafield>
        <datafield tag="035" ind1=" " ind2=" ">
            <subfield code="a">D0385539</subfield>
        </datafield>
        <datafield tag="035" ind1=" " ind2=" ">
            <subfield code="a">(DHL)964077</subfield>
        </datafield>
        <datafield tag="039" ind1=" " ind2=" ">
            <subfield code="a">DHU</subfield>
        </datafield>
        <datafield tag="040" ind1=" " ind2=" ">
            <subfield code="a">NNUN</subfield>
            <subfield code="b">eng</subfield>
        </datafield>
        <datafield tag="041" ind1=" " ind2=" ">
            <subfield code="a">arachiengfrerusspa</subfield>
        </datafield>
        <datafield tag="049" ind1=" " ind2=" ">
            <subfield code="a">usa</subfield>
        </datafield>
        <datafield tag="089" ind1=" " ind2=" ">
            <subfield code="b">B03</subfield>
        </datafield>
        <datafield tag="089" ind1=" " ind2=" ">
            <subfield code="b">B07</subfield>
        </datafield>
        <datafield tag="091" ind1=" " ind2=" ">
            <subfield code="a">PRO</subfield>
        </datafield>
        <datafield tag="099" ind1=" " ind2=" ">
            <subfield code="a">UNH</subfield>
            <subfield code="b">DHU</subfield>
        </datafield>
        <datafield tag="191" ind1=" " ind2=" ">
            <subfield code="0">1229108</subfield>
            <subfield code="9">X88</subfield>
            <subfield code="a">S/PV.6699</subfield>
            <subfield code="b">S/</subfield>
            <subfield code="c">66</subfield>
            <subfield code="q">SPV6699</subfield>
            <subfield code="r">S66</subfield>
        </datafield>
        <datafield tag="245" ind1="1" ind2="0">
            <subfield code="a">Security Council, 66th year :</subfield>
            <subfield code="b">6699th meeting, Thursday, 22 December 2011, New York</subfield>
        </datafield>
        <datafield tag="260" ind1=" " ind2=" ">
            <subfield code="a">[New York] :</subfield>
            <subfield code="b">UN,</subfield>
            <subfield code="c">[2011]</subfield>
        </datafield>
        <datafield tag="269" ind1=" " ind2=" ">
            <subfield code="a">2011</subfield>
        </datafield>
        <datafield tag="300" ind1=" " ind2=" ">
            <subfield code="a">2 p.</subfield>
        </datafield>
        <datafield tag="610" ind1="2" ind2="7">
            <subfield code="0">1233078</subfield>
            <subfield code="2">unbisn</subfield>
            <subfield code="a">UN Interim Security Force for Abyei</subfield>
        </datafield>
        <datafield tag="650" ind1="1" ind2="7">
            <subfield code="0">1277954</subfield>
            <subfield code="2">unbist</subfield>
            <subfield code="a">PEACEKEEPING OPERATIONS</subfield>
        </datafield>
        <datafield tag="650" ind1="1" ind2="7">
            <subfield code="0">1277830</subfield>
            <subfield code="2">unbist</subfield>
            <subfield code="a">INTERNAL SECURITY</subfield>
        </datafield>
        <datafield tag="651" ind1="1" ind2="7">
            <subfield code="0">1285209</subfield>
            <subfield code="2">unbist</subfield>
            <subfield code="a">ABYEI (SUDAN)</subfield>
        </datafield>
        <datafield tag="651" ind1="1" ind2="7">
            <subfield code="0">1282123</subfield>
            <subfield code="2">unbist</subfield>
            <subfield code="a">SUDAN</subfield>
        </datafield>
        <datafield tag="651" ind1="1" ind2="7">
            <subfield code="0">1285177</subfield>
            <subfield code="2">unbist</subfield>
            <subfield code="a">SOUTH SUDAN</subfield>
        </datafield>
        <datafield tag="856" ind1="4" ind2=" ">
            <subfield code="s">83141</subfield>
            <subfield code="u">http://digitallibrary.un.org/record/718452/files/S_PV.6699-AR.pdf</subfield>
            <subfield code="y">العربية</subfield>
        </datafield>
        <datafield tag="856" ind1="4" ind2=" ">
            <subfield code="s">111561</subfield>
            <subfield code="u">http://digitallibrary.un.org/record/718452/files/S_PV.6699-ZH.pdf</subfield>
            <subfield code="y">中文</subfield>
        </datafield>
        <datafield tag="856" ind1="4" ind2=" ">
            <subfield code="s">78996</subfield>
            <subfield code="u">http://digitallibrary.un.org/record/718452/files/S_PV.6699-EN.pdf</subfield>
            <subfield code="y">English</subfield>
        </datafield>
        <datafield tag="856" ind1="4" ind2=" ">
            <subfield code="s">81823</subfield>
            <subfield code="u">http://digitallibrary.un.org/record/718452/files/S_PV.6699-FR.pdf</subfield>
            <subfield code="y">Français</subfield>
        </datafield>
        <datafield tag="856" ind1="4" ind2=" ">
            <subfield code="s">151519</subfield>
            <subfield code="u">http://digitallibrary.un.org/record/718452/files/S_PV.6699-RU.pdf</subfield>
            <subfield code="y">Русский</subfield>
        </datafield>
        <datafield tag="856" ind1="4" ind2=" ">
            <subfield code="s">119525</subfield>
            <subfield code="u">http://digitallibrary.un.org/record/718452/files/S_PV.6699-ES.pdf</subfield>
            <subfield code="y">Español</subfield>
        </datafield>
        <datafield tag="930" ind1=" " ind2=" ">
            <subfield code="a">UNDDE11</subfield>
        </datafield>
        <datafield tag="949" ind1=" " ind2=" ">
            <subfield code="9">S/PV.6699</subfield>
            <subfield code="b">1828729.5.1</subfield>
            <subfield code="c">c. 1</subfield>
            <subfield code="d">20111227190000</subfield>
            <subfield code="i">1828729</subfield>
            <subfield code="k">unss</subfield>
            <subfield code="l">DHL</subfield>
            <subfield code="m">14day</subfield>
            <subfield code="z">t</subfield>
        </datafield>
        <datafield tag="949" ind1=" " ind2=" ">
            <subfield code="9">S/PV.6699</subfield>
            <subfield code="b">1828728.4.1</subfield>
            <subfield code="c">c. 1</subfield>
            <subfield code="d">20111227190000</subfield>
            <subfield code="i">1828728</subfield>
            <subfield code="k">unrs</subfield>
            <subfield code="l">DHL</subfield>
            <subfield code="m">14day</subfield>
            <subfield code="z">t</subfield>
        </datafield>
        <datafield tag="949" ind1=" " ind2=" ">
            <subfield code="9">S/PV.6699</subfield>
            <subfield code="b">1828727.3.1</subfield>
            <subfield code="c">c. 1</subfield>
            <subfield code="d">20111227190000</subfield>
            <subfield code="i">1828727</subfield>
            <subfield code="k">unfs</subfield>
            <subfield code="l">DHL</subfield>
            <subfield code="m">14day</subfield>
            <subfield code="z">t</subfield>
        </datafield>
        <datafield tag="949" ind1=" " ind2=" ">
            <subfield code="9">S/PV.6699</subfield>
            <subfield code="b">1828725.1.1</subfield>
            <subfield code="c">c. 1</subfield>
            <subfield code="d">20111227190000</subfield>
            <subfield code="i">1828725</subfield>
            <subfield code="k">unas</subfield>
            <subfield code="l">DHL</subfield>
            <subfield code="m">14day</subfield>
            <subfield code="z">t</subfield>
        </datafield>
        <datafield tag="949" ind1=" " ind2=" ">
            <subfield code="9">S/PV.6699</subfield>
            <subfield code="b">10000000964077</subfield>
            <subfield code="c">c. 1</subfield>
            <subfield code="d">20111227190000</subfield>
            <subfield code="i">1828724</subfield>
            <subfield code="k">unes</subfield>
            <subfield code="l">DHL</subfield>
            <subfield code="m">14day</subfield>
            <subfield code="z">t</subfield>
        </datafield>
        <datafield tag="949" ind1=" " ind2=" ">
            <subfield code="9">S/PV.6699</subfield>
            <subfield code="b">1828726.2.1</subfield>
            <subfield code="c">c. 1</subfield>
            <subfield code="d">20111227190000</subfield>
            <subfield code="i">1828726</subfield>
            <subfield code="k">uncs</subfield>
            <subfield code="l">DHL</subfield>
            <subfield code="m">14day</subfield>
            <subfield code="z">t</subfield>
        </datafield>
        <datafield tag="980" ind1=" " ind2=" ">
            <subfield code="a">BIB</subfield>
        </datafield>
        <datafield tag="989" ind1=" " ind2=" ">
            <subfield code="a">Documents and Publications</subfield>
            <subfield code="b">Meeting Records</subfield>
            <subfield code="c">Verbatim Records</subfield>
        </datafield>
        <datafield tag="991" ind1="3" ind2=" ">
            <subfield code="0">1228864</subfield>
            <subfield code="a">S/66</subfield>
            <subfield code="b">[160]</subfield>
            <subfield code="d">SUDAN--POLITICAL CONDITIONS</subfield>
            <subfield code="e">At the 6699th meeting, draft resolution S/2011/794 was adopted unanimously: resolution 2032 (2011)</subfield>
            <subfield code="z">I</subfield>
        </datafield>
        <datafield tag="991" ind1="3" ind2=" ">
            <subfield code="0">1233088</subfield>
            <subfield code="a">S/66</subfield>
            <subfield code="b">[217]</subfield>
            <subfield code="d">UN INTERIM SECURITY FORCE FOR ABYEI</subfield>
            <subfield code="e">At the 6699th meeting, draft resolution S/2011/794 was adopted unanimously: resolution 2032 (2011)</subfield>
            <subfield code="z">I</subfield>
        </datafield>
        <datafield tag="991" ind1="3" ind2=" ">
            <subfield code="0">1236226</subfield>
            <subfield code="a">S/66</subfield>
            <subfield code="b">[223]</subfield>
            <subfield code="d">SOUTH SUDAN--POLITICAL CONDITIONS</subfield>
            <subfield code="e">At the 6699th meeting, draft resolution S/2011/794 was adopted unanimously: resolution 2032 (2011)</subfield>
            <subfield code="z">I</subfield>
        </datafield>
        <datafield tag="991" ind1="3" ind2=" ">
            <subfield code="0">1228864</subfield>
            <subfield code="a">S/66</subfield>
            <subfield code="b">[160]</subfield>
            <subfield code="d">SUDAN--POLITICAL CONDITIONS</subfield>
            <subfield code="e">Participation by non-Council members (without right to vote): South Sudan and Sudan</subfield>
            <subfield code="f">X27</subfield>
            <subfield code="z">I</subfield>
        </datafield>
        <datafield tag="991" ind1="3" ind2=" ">
            <subfield code="0">1233088</subfield>
            <subfield code="a">S/66</subfield>
            <subfield code="b">[217]</subfield>
            <subfield code="d">UN INTERIM SECURITY FORCE FOR ABYEI</subfield>
            <subfield code="e">Participation by non-Council members (without right to vote): South Sudan and Sudan</subfield>
            <subfield code="f">X27</subfield>
            <subfield code="z">I</subfield>
        </datafield>
        <datafield tag="991" ind1="3" ind2=" ">
            <subfield code="0">1236226</subfield>
            <subfield code="a">S/66</subfield>
            <subfield code="b">[223]</subfield>
            <subfield code="d">SOUTH SUDAN--POLITICAL CONDITIONS</subfield>
            <subfield code="e">Participation by non-Council members (without right to vote): South Sudan and Sudan</subfield>
            <subfield code="f">X27</subfield>
            <subfield code="z">I</subfield>
        </datafield>
        <datafield tag="992" ind1=" " ind2=" ">
            <subfield code="a">20111222</subfield>
        </datafield>
        <datafield tag="998" ind1=" " ind2=" ">
            <subfield code="a">20111228042100</subfield>
            <subfield code="b">mlcat</subfield>
            <subfield code="c">20160728064800</subfield>
            <subfield code="d">shkcat</subfield>
        </datafield>
        <datafield tag="999" ind1=" " ind2=" ">
            <subfield code="a">mleq20111228</subfield>
            <subfield code="b">20111228</subfield>
            <subfield code="c">q</subfield>
        </datafield>
        <datafield tag="999" ind1=" " ind2=" ">
            <subfield code="a">mhc20111228</subfield>
            <subfield code="b">20111228</subfield>
            <subfield code="c">c</subfield>
        </datafield>
        <datafield tag="999" ind1=" " ind2=" ">
            <subfield code="a">slr20120104</subfield>
            <subfield code="b">20120104</subfield>
            <subfield code="c">r</subfield>
        </datafield>
        <datafield tag="999" ind1=" " ind2=" ">
            <subfield code="a">vwt20111228</subfield>
            <subfield code="b">20111228</subfield>
            <subfield code="c">t</subfield>
        </datafield>
        <datafield tag="999" ind1=" " ind2=" ">
            <subfield code="a">vwu20110518</subfield>
            <subfield code="b">20110518</subfield>
            <subfield code="c">u</subfield>
        </datafield>
    </record>