

    
    <record>
        <controlfield tag="001">717861</controlfield>
        <controlfield tag="000">00000nam\\2200025#a\4500</controlfield>
        <controlfield tag="005">20170412204612.0</controlfield>
        <controlfield tag="008">111216s2011\\\\usa\\\\#r\\\\\|||1|\eng\d</controlfield>
        <datafield tag="029" ind1=" " ind2=" ">
            <subfield code="a">JN</subfield>
            <subfield code="b">N1163678 E</subfield>
        </datafield>
        <datafield tag="035" ind1=" " ind2=" ">
            <subfield code="a">D0385240</subfield>
        </datafield>
        <datafield tag="035" ind1=" " ind2=" ">
            <subfield code="a">(DHL)963406</subfield>
        </datafield>
        <datafield tag="039" ind1=" " ind2=" ">
            <subfield code="a">DHU</subfield>
        </datafield>
        <datafield tag="040" ind1=" " ind2=" ">
            <subfield code="a">NNUN</subfield>
            <subfield code="b">eng</subfield>
        </datafield>
        <datafield tag="041" ind1=" " ind2=" ">
            <subfield code="a">arachiengfrerusspa</subfield>
        </datafield>
        <datafield tag="049" ind1=" " ind2=" ">
            <subfield code="a">usa</subfield>
        </datafield>
        <datafield tag="089" ind1=" " ind2=" ">
            <subfield code="b">B03</subfield>
        </datafield>
        <datafield tag="089" ind1=" " ind2=" ">
            <subfield code="b">B07</subfield>
        </datafield>
        <datafield tag="091" ind1=" " ind2=" ">
            <subfield code="a">PRO</subfield>
        </datafield>
        <datafield tag="099" ind1=" " ind2=" ">
            <subfield code="a">UNH</subfield>
            <subfield code="b">DHU</subfield>
        </datafield>
        <datafield tag="191" ind1=" " ind2=" ">
            <subfield code="0">1229108</subfield>
            <subfield code="9">X88</subfield>
            <subfield code="a">S/PV.6684</subfield>
            <subfield code="b">S/</subfield>
            <subfield code="c">66</subfield>
            <subfield code="q">SPV6684</subfield>
            <subfield code="r">S66</subfield>
        </datafield>
        <datafield tag="245" ind1="1" ind2="0">
            <subfield code="a">Security Council, 66th year :</subfield>
            <subfield code="b">6684th meeting, Wednesday, 14 December 2011, New York</subfield>
        </datafield>
        <datafield tag="260" ind1=" " ind2=" ">
            <subfield code="a">[New York] :</subfield>
            <subfield code="b">UN,</subfield>
            <subfield code="c">[2011]</subfield>
        </datafield>
        <datafield tag="269" ind1=" " ind2=" ">
            <subfield code="a">2011</subfield>
        </datafield>
        <datafield tag="300" ind1=" " ind2=" ">
            <subfield code="a">2 p.</subfield>
        </datafield>
        <datafield tag="650" ind1="1" ind2="7">
            <subfield code="0">1277955</subfield>
            <subfield code="2">unbist</subfield>
            <subfield code="a">SANCTIONS</subfield>
        </datafield>
        <datafield tag="650" ind1="1" ind2="7">
            <subfield code="0">1277945</subfield>
            <subfield code="2">unbist</subfield>
            <subfield code="a">ARMS EMBARGO</subfield>
        </datafield>
        <datafield tag="650" ind1="1" ind2="7">
            <subfield code="0">1283829</subfield>
            <subfield code="2">unbist</subfield>
            <subfield code="a">LIBERIA SITUATION</subfield>
        </datafield>
        <datafield tag="651" ind1="1" ind2="7">
            <subfield code="0">1282101</subfield>
            <subfield code="2">unbist</subfield>
            <subfield code="a">LIBERIA</subfield>
        </datafield>
        <datafield tag="856" ind1="4" ind2=" ">
            <subfield code="s">78927</subfield>
            <subfield code="u">http://digitallibrary.un.org/record/717861/files/S_PV.6684-AR.pdf</subfield>
            <subfield code="y">العربية</subfield>
        </datafield>
        <datafield tag="856" ind1="4" ind2=" ">
            <subfield code="s">104937</subfield>
            <subfield code="u">http://digitallibrary.un.org/record/717861/files/S_PV.6684-ZH.pdf</subfield>
            <subfield code="y">中文</subfield>
        </datafield>
        <datafield tag="856" ind1="4" ind2=" ">
            <subfield code="s">77740</subfield>
            <subfield code="u">http://digitallibrary.un.org/record/717861/files/S_PV.6684-EN.pdf</subfield>
            <subfield code="y">English</subfield>
        </datafield>
        <datafield tag="856" ind1="4" ind2=" ">
            <subfield code="s">81578</subfield>
            <subfield code="u">http://digitallibrary.un.org/record/717861/files/S_PV.6684-FR.pdf</subfield>
            <subfield code="y">Français</subfield>
        </datafield>
        <datafield tag="856" ind1="4" ind2=" ">
            <subfield code="s">147515</subfield>
            <subfield code="u">http://digitallibrary.un.org/record/717861/files/S_PV.6684-RU.pdf</subfield>
            <subfield code="y">Русский</subfield>
        </datafield>
        <datafield tag="856" ind1="4" ind2=" ">
            <subfield code="s">119233</subfield>
            <subfield code="u">http://digitallibrary.un.org/record/717861/files/S_PV.6684-ES.pdf</subfield>
            <subfield code="y">Español</subfield>
        </datafield>
        <datafield tag="930" ind1=" " ind2=" ">
            <subfield code="a">UNDDE11</subfield>
        </datafield>
        <datafield tag="949" ind1=" " ind2=" ">
            <subfield code="9">S/PV.6684</subfield>
            <subfield code="b">1826332.5.1</subfield>
            <subfield code="c">c. 1</subfield>
            <subfield code="d">20111215190000</subfield>
            <subfield code="i">1826332</subfield>
            <subfield code="k">unss</subfield>
            <subfield code="l">DHL</subfield>
            <subfield code="m">14day</subfield>
            <subfield code="z">t</subfield>
        </datafield>
        <datafield tag="949" ind1=" " ind2=" ">
            <subfield code="9">S/PV.6684</subfield>
            <subfield code="b">1826331.4.1</subfield>
            <subfield code="c">c. 1</subfield>
            <subfield code="d">20111215190000</subfield>
            <subfield code="i">1826331</subfield>
            <subfield code="k">unrs</subfield>
            <subfield code="l">DHL</subfield>
            <subfield code="m">14day</subfield>
            <subfield code="z">t</subfield>
        </datafield>
        <datafield tag="949" ind1=" " ind2=" ">
            <subfield code="9">S/PV.6684</subfield>
            <subfield code="b">1826330.3.1</subfield>
            <subfield code="c">c. 1</subfield>
            <subfield code="d">20111215190000</subfield>
            <subfield code="i">1826330</subfield>
            <subfield code="k">unfs</subfield>
            <subfield code="l">DHL</subfield>
            <subfield code="m">14day</subfield>
            <subfield code="z">t</subfield>
        </datafield>
        <datafield tag="949" ind1=" " ind2=" ">
            <subfield code="9">S/PV.6684</subfield>
            <subfield code="b">1826328.1.1</subfield>
            <subfield code="c">c. 1</subfield>
            <subfield code="d">20111215190000</subfield>
            <subfield code="i">1826328</subfield>
            <subfield code="k">unas</subfield>
            <subfield code="l">DHL</subfield>
            <subfield code="m">14day</subfield>
            <subfield code="z">t</subfield>
        </datafield>
        <datafield tag="949" ind1=" " ind2=" ">
            <subfield code="9">S/PV.6684</subfield>
            <subfield code="b">10000000963406</subfield>
            <subfield code="c">c. 1</subfield>
            <subfield code="d">20111215190000</subfield>
            <subfield code="i">1826327</subfield>
            <subfield code="k">unes</subfield>
            <subfield code="l">DHL</subfield>
            <subfield code="m">14day</subfield>
            <subfield code="z">t</subfield>
        </datafield>
        <datafield tag="949" ind1=" " ind2=" ">
            <subfield code="9">S/PV.6684</subfield>
            <subfield code="b">1826329.2.1</subfield>
            <subfield code="c">c. 1</subfield>
            <subfield code="d">20111215190000</subfield>
            <subfield code="i">1826329</subfield>
            <subfield code="k">uncs</subfield>
            <subfield code="l">DHL</subfield>
            <subfield code="m">14day</subfield>
            <subfield code="z">t</subfield>
        </datafield>
        <datafield tag="980" ind1=" " ind2=" ">
            <subfield code="a">BIB</subfield>
        </datafield>
        <datafield tag="989" ind1=" " ind2=" ">
            <subfield code="a">Documents and Publications</subfield>
            <subfield code="b">Meeting Records</subfield>
            <subfield code="c">Verbatim Records</subfield>
        </datafield>
        <datafield tag="991" ind1="3" ind2=" ">
            <subfield code="0">1228932</subfield>
            <subfield code="a">S/66</subfield>
            <subfield code="b">[89]</subfield>
            <subfield code="d">LIBERIA SITUATION</subfield>
            <subfield code="e">Participation by non-Council members (without right to vote): Liberia</subfield>
            <subfield code="f">X27</subfield>
            <subfield code="z">I</subfield>
        </datafield>
        <datafield tag="991" ind1="3" ind2=" ">
            <subfield code="0">1228934</subfield>
            <subfield code="a">S/66</subfield>
            <subfield code="b">[90]</subfield>
            <subfield code="d">UN MISSION IN LIBERIA</subfield>
            <subfield code="e">Participation by non-Council members (without right to vote): Liberia</subfield>
            <subfield code="f">X27</subfield>
            <subfield code="z">I</subfield>
        </datafield>
        <datafield tag="991" ind1="3" ind2=" ">
            <subfield code="0">1228883</subfield>
            <subfield code="a">S/66</subfield>
            <subfield code="b">[198]</subfield>
            <subfield code="d">UN OPERATION IN CÔTE D'IVOIRE</subfield>
            <subfield code="e">Participation by non-Council members (without right to vote): Liberia</subfield>
            <subfield code="f">X27</subfield>
            <subfield code="z">I</subfield>
        </datafield>
        <datafield tag="991" ind1="3" ind2=" ">
            <subfield code="0">1228932</subfield>
            <subfield code="a">S/66</subfield>
            <subfield code="b">[89]</subfield>
            <subfield code="d">LIBERIA SITUATION</subfield>
            <subfield code="e">At the 6684th meeting, draft resolution S/2011/769 was adopted unanimously: resolution 2025 (2011)</subfield>
            <subfield code="z">I</subfield>
        </datafield>
        <datafield tag="991" ind1="3" ind2=" ">
            <subfield code="0">1228934</subfield>
            <subfield code="a">S/66</subfield>
            <subfield code="b">[90]</subfield>
            <subfield code="d">UN MISSION IN LIBERIA</subfield>
            <subfield code="e">At the 6684th meeting, draft resolution S/2011/769 was adopted unanimously: resolution 2025 (2011)</subfield>
            <subfield code="z">I</subfield>
        </datafield>
        <datafield tag="991" ind1="3" ind2=" ">
            <subfield code="0">1228883</subfield>
            <subfield code="a">S/66</subfield>
            <subfield code="b">[198]</subfield>
            <subfield code="d">UN OPERATION IN CÔTE D'IVOIRE</subfield>
            <subfield code="e">At the 6684th meeting, draft resolution S/2011/769 was adopted unanimously: resolution 2025 (2011)</subfield>
            <subfield code="z">I</subfield>
        </datafield>
        <datafield tag="992" ind1=" " ind2=" ">
            <subfield code="a">20111214</subfield>
        </datafield>
        <datafield tag="998" ind1=" " ind2=" ">
            <subfield code="a">20111216043200</subfield>
            <subfield code="b">kroy</subfield>
            <subfield code="c">20111219072500</subfield>
            <subfield code="d">vwcat2</subfield>
        </datafield>
        <datafield tag="999" ind1=" " ind2=" ">
            <subfield code="a">jmc20111216</subfield>
            <subfield code="b">20111216</subfield>
            <subfield code="c">c</subfield>
        </datafield>
        <datafield tag="999" ind1=" " ind2=" ">
            <subfield code="a">slr20111216</subfield>
            <subfield code="b">20111216</subfield>
            <subfield code="c">r</subfield>
        </datafield>
        <datafield tag="999" ind1=" " ind2=" ">
            <subfield code="a">krq20111216</subfield>
            <subfield code="b">20111216</subfield>
            <subfield code="c">q</subfield>
        </datafield>
        <datafield tag="999" ind1=" " ind2=" ">
            <subfield code="a">vwt20111216</subfield>
            <subfield code="b">20111216</subfield>
            <subfield code="c">t</subfield>
        </datafield>
        <datafield tag="999" ind1=" " ind2=" ">
            <subfield code="a">vwu20111219</subfield>
            <subfield code="b">20111219</subfield>
            <subfield code="c">u</subfield>
        </datafield>
    </record>