

    
    <record>
        <controlfield tag="001">717212</controlfield>
        <controlfield tag="000">00000nam\\2200025#a\4500</controlfield>
        <controlfield tag="005">20170412204701.0</controlfield>
        <controlfield tag="008">111208s2011\\\\usa\\\\#r\\\\\|||1|\eng\d</controlfield>
        <datafield tag="029" ind1=" " ind2=" ">
            <subfield code="a">JN</subfield>
            <subfield code="b">N1162209 E</subfield>
        </datafield>
        <datafield tag="035" ind1=" " ind2=" ">
            <subfield code="a">D0385022</subfield>
        </datafield>
        <datafield tag="035" ind1=" " ind2=" ">
            <subfield code="a">(DHL)962669</subfield>
        </datafield>
        <datafield tag="039" ind1=" " ind2=" ">
            <subfield code="a">DHU</subfield>
        </datafield>
        <datafield tag="040" ind1=" " ind2=" ">
            <subfield code="a">NNUN</subfield>
            <subfield code="b">eng</subfield>
        </datafield>
        <datafield tag="041" ind1=" " ind2=" ">
            <subfield code="a">arachiengfrerusspa</subfield>
        </datafield>
        <datafield tag="049" ind1=" " ind2=" ">
            <subfield code="a">usa</subfield>
        </datafield>
        <datafield tag="089" ind1=" " ind2=" ">
            <subfield code="b">B03</subfield>
        </datafield>
        <datafield tag="089" ind1=" " ind2=" ">
            <subfield code="b">B07</subfield>
        </datafield>
        <datafield tag="091" ind1=" " ind2=" ">
            <subfield code="a">PRO</subfield>
        </datafield>
        <datafield tag="099" ind1=" " ind2=" ">
            <subfield code="a">UNH</subfield>
            <subfield code="b">DHU</subfield>
        </datafield>
        <datafield tag="191" ind1=" " ind2=" ">
            <subfield code="0">1229108</subfield>
            <subfield code="9">X88</subfield>
            <subfield code="a">S/PV.6674(Resumption1)</subfield>
            <subfield code="b">S/</subfield>
            <subfield code="c">66</subfield>
            <subfield code="q">SPV6674RESUMPTION1</subfield>
            <subfield code="r">S66</subfield>
        </datafield>
        <datafield tag="245" ind1="1" ind2="0">
            <subfield code="a">Security Council, 66th year :</subfield>
            <subfield code="b">6674th meeting, Monday, 5 December 2011, New York</subfield>
        </datafield>
        <datafield tag="260" ind1=" " ind2=" ">
            <subfield code="a">[New York] :</subfield>
            <subfield code="b">UN,</subfield>
            <subfield code="c">[2011]</subfield>
        </datafield>
        <datafield tag="269" ind1=" " ind2=" ">
            <subfield code="a">2011</subfield>
        </datafield>
        <datafield tag="300" ind1=" " ind2=" ">
            <subfield code="a">6 p.</subfield>
        </datafield>
        <datafield tag="650" ind1="1" ind2="7">
            <subfield code="0">1283968</subfield>
            <subfield code="2">unbist</subfield>
            <subfield code="a">REGIONAL SECURITY</subfield>
        </datafield>
        <datafield tag="650" ind1="1" ind2="7">
            <subfield code="0">1284198</subfield>
            <subfield code="2">unbist</subfield>
            <subfield code="a">SANCTIONS COMPLIANCE</subfield>
        </datafield>
        <datafield tag="650" ind1="1" ind2="7">
            <subfield code="0">1278236</subfield>
            <subfield code="2">unbist</subfield>
            <subfield code="a">BOUNDARIES</subfield>
        </datafield>
        <datafield tag="650" ind1="1" ind2="7">
            <subfield code="0">1284150</subfield>
            <subfield code="2">unbist</subfield>
            <subfield code="a">SOMALIA SITUATION</subfield>
        </datafield>
        <datafield tag="650" ind1="2" ind2="7">
            <subfield code="0">1277888</subfield>
            <subfield code="2">unbist</subfield>
            <subfield code="a">TERRORISM</subfield>
        </datafield>
        <datafield tag="651" ind1="1" ind2="7">
            <subfield code="0">1282918</subfield>
            <subfield code="2">unbist</subfield>
            <subfield code="a">NORTHEAST AFRICA</subfield>
        </datafield>
        <datafield tag="651" ind1="1" ind2="7">
            <subfield code="0">1284107</subfield>
            <subfield code="2">unbist</subfield>
            <subfield code="a">ERITREA</subfield>
        </datafield>
        <datafield tag="651" ind1="1" ind2="7">
            <subfield code="0">1282086</subfield>
            <subfield code="2">unbist</subfield>
            <subfield code="a">DJIBOUTI</subfield>
        </datafield>
        <datafield tag="856" ind1="4" ind2=" ">
            <subfield code="s">177430</subfield>
            <subfield code="u">http://digitallibrary.un.org/record/717212/files/S_PV.6674%28Resumption1%29-AR.pdf</subfield>
            <subfield code="y">العربية</subfield>
        </datafield>
        <datafield tag="856" ind1="4" ind2=" ">
            <subfield code="s">226047</subfield>
            <subfield code="u">http://digitallibrary.un.org/record/717212/files/S_PV.6674%28Resumption1%29-ZH.pdf</subfield>
            <subfield code="y">中文</subfield>
        </datafield>
        <datafield tag="856" ind1="4" ind2=" ">
            <subfield code="s">107260</subfield>
            <subfield code="u">http://digitallibrary.un.org/record/717212/files/S_PV.6674%28Resumption1%29-EN.pdf</subfield>
            <subfield code="y">English</subfield>
        </datafield>
        <datafield tag="856" ind1="4" ind2=" ">
            <subfield code="s">120005</subfield>
            <subfield code="u">http://digitallibrary.un.org/record/717212/files/S_PV.6674%28Resumption1%29-FR.pdf</subfield>
            <subfield code="y">Français</subfield>
        </datafield>
        <datafield tag="856" ind1="4" ind2=" ">
            <subfield code="s">270844</subfield>
            <subfield code="u">http://digitallibrary.un.org/record/717212/files/S_PV.6674%28Resumption1%29-RU.pdf</subfield>
            <subfield code="y">Русский</subfield>
        </datafield>
        <datafield tag="856" ind1="4" ind2=" ">
            <subfield code="s">156052</subfield>
            <subfield code="u">http://digitallibrary.un.org/record/717212/files/S_PV.6674%28Resumption1%29-ES.pdf</subfield>
            <subfield code="y">Español</subfield>
        </datafield>
        <datafield tag="930" ind1=" " ind2=" ">
            <subfield code="a">UNDDE11</subfield>
        </datafield>
        <datafield tag="949" ind1=" " ind2=" ">
            <subfield code="9">S/PV.6674(Resumption1)</subfield>
            <subfield code="b">1824393.1.1</subfield>
            <subfield code="c">c. 1</subfield>
            <subfield code="d">20111207190000</subfield>
            <subfield code="i">1824393</subfield>
            <subfield code="k">uncs</subfield>
            <subfield code="l">DHL</subfield>
            <subfield code="m">14day</subfield>
            <subfield code="z">t</subfield>
        </datafield>
        <datafield tag="949" ind1=" " ind2=" ">
            <subfield code="9">S/PV.6674(Resumption1)</subfield>
            <subfield code="b">1824748.1.1</subfield>
            <subfield code="c">c. 1</subfield>
            <subfield code="d">20111208190000</subfield>
            <subfield code="i">1824748</subfield>
            <subfield code="k">unrs</subfield>
            <subfield code="l">DHL</subfield>
            <subfield code="m">14day</subfield>
            <subfield code="z">t</subfield>
        </datafield>
        <datafield tag="949" ind1=" " ind2=" ">
            <subfield code="9">S/PV.6674(Resumption1)</subfield>
            <subfield code="b">1824394.2.1</subfield>
            <subfield code="c">c. 1</subfield>
            <subfield code="d">20111207190000</subfield>
            <subfield code="i">1824394</subfield>
            <subfield code="k">unfs</subfield>
            <subfield code="l">DHL</subfield>
            <subfield code="m">14day</subfield>
            <subfield code="z">t</subfield>
        </datafield>
        <datafield tag="949" ind1=" " ind2=" ">
            <subfield code="9">S/PV.6674(Resumption1)</subfield>
            <subfield code="b">10000000962669</subfield>
            <subfield code="c">c. 1</subfield>
            <subfield code="d">20111207190000</subfield>
            <subfield code="i">1824387</subfield>
            <subfield code="k">unes</subfield>
            <subfield code="l">DHL</subfield>
            <subfield code="m">14day</subfield>
            <subfield code="z">t</subfield>
        </datafield>
        <datafield tag="949" ind1=" " ind2=" ">
            <subfield code="9">S/PV.6674(Resumption1)</subfield>
            <subfield code="b">1824747.1.1</subfield>
            <subfield code="c">c. 1</subfield>
            <subfield code="d">20111208190000</subfield>
            <subfield code="i">1824747</subfield>
            <subfield code="k">unas</subfield>
            <subfield code="l">DHL</subfield>
            <subfield code="m">14day</subfield>
            <subfield code="z">t</subfield>
        </datafield>
        <datafield tag="949" ind1=" " ind2=" ">
            <subfield code="9">S/PV.6674(Resumption1)</subfield>
            <subfield code="b">1824395.3.1</subfield>
            <subfield code="c">c. 1</subfield>
            <subfield code="d">20111207190000</subfield>
            <subfield code="i">1824395</subfield>
            <subfield code="k">unss</subfield>
            <subfield code="l">DHL</subfield>
            <subfield code="m">14day</subfield>
            <subfield code="z">t</subfield>
        </datafield>
        <datafield tag="980" ind1=" " ind2=" ">
            <subfield code="a">BIB</subfield>
        </datafield>
        <datafield tag="989" ind1=" " ind2=" ">
            <subfield code="a">Documents and Publications</subfield>
            <subfield code="b">Meeting Records</subfield>
            <subfield code="c">Verbatim Records</subfield>
        </datafield>
        <datafield tag="991" ind1="3" ind2=" ">
            <subfield code="0">1228930</subfield>
            <subfield code="a">S/66</subfield>
            <subfield code="b">[84]</subfield>
            <subfield code="d">SOMALIA SITUATION</subfield>
            <subfield code="e">At the 6674th meeting, draft resolution S/2011/744 was adopted 13-0-2: resolution 2023 (2011)</subfield>
            <subfield code="z">I</subfield>
        </datafield>
        <datafield tag="991" ind1="3" ind2=" ">
            <subfield code="0">1228890</subfield>
            <subfield code="a">S/66</subfield>
            <subfield code="b">[207]</subfield>
            <subfield code="d">DJIBOUTI--ERITREA</subfield>
            <subfield code="e">At the 6674th meeting, draft resolution S/2011/744 was adopted 13-0-2: resolution 2023 (2011)</subfield>
            <subfield code="z">I</subfield>
        </datafield>
        <datafield tag="991" ind1="3" ind2=" ">
            <subfield code="0">1228844</subfield>
            <subfield code="a">S/66</subfield>
            <subfield code="b">[100]</subfield>
            <subfield code="d">AFRICA--REGIONAL SECURITY</subfield>
            <subfield code="e">At the 6674th meeting, draft resolution S/2011/744 was adopted 13-0-2: resolution 2023 (2011)</subfield>
            <subfield code="z">I</subfield>
        </datafield>
        <datafield tag="992" ind1=" " ind2=" ">
            <subfield code="a">20111205</subfield>
        </datafield>
        <datafield tag="998" ind1=" " ind2=" ">
            <subfield code="a">20111208041900</subfield>
            <subfield code="b">kroy</subfield>
            <subfield code="c">20111216040900</subfield>
            <subfield code="d">slcat</subfield>
        </datafield>
        <datafield tag="999" ind1=" " ind2=" ">
            <subfield code="a">jmc20111209</subfield>
            <subfield code="b">20111209</subfield>
            <subfield code="c">c</subfield>
        </datafield>
        <datafield tag="999" ind1=" " ind2=" ">
            <subfield code="a">slr20111212</subfield>
            <subfield code="b">20111212</subfield>
            <subfield code="c">r</subfield>
        </datafield>
        <datafield tag="999" ind1=" " ind2=" ">
            <subfield code="a">krq20111208</subfield>
            <subfield code="b">20111208</subfield>
            <subfield code="c">q</subfield>
        </datafield>
        <datafield tag="999" ind1=" " ind2=" ">
            <subfield code="a">kri20111209</subfield>
            <subfield code="b">20111209</subfield>
            <subfield code="c">i</subfield>
        </datafield>
        <datafield tag="999" ind1=" " ind2=" ">
            <subfield code="a">vwt20111212</subfield>
            <subfield code="b">20111212</subfield>
            <subfield code="c">t</subfield>
        </datafield>
    </record>