

    
    <record>
        <controlfield tag="001">717077</controlfield>
        <controlfield tag="000">00000nam\\2200025#a\4500</controlfield>
        <controlfield tag="005">20170412204741.0</controlfield>
        <controlfield tag="008">111206s2011\\\\usa\\\\#r\\\\\|||1|\eng\d</controlfield>
        <datafield tag="029" ind1=" " ind2=" ">
            <subfield code="a">JN</subfield>
            <subfield code="b">N1161799 E</subfield>
        </datafield>
        <datafield tag="035" ind1=" " ind2=" ">
            <subfield code="a">D0384968</subfield>
        </datafield>
        <datafield tag="035" ind1=" " ind2=" ">
            <subfield code="a">(DHL)962527</subfield>
        </datafield>
        <datafield tag="039" ind1=" " ind2=" ">
            <subfield code="a">DHU</subfield>
        </datafield>
        <datafield tag="040" ind1=" " ind2=" ">
            <subfield code="a">NNUN</subfield>
            <subfield code="b">eng</subfield>
        </datafield>
        <datafield tag="041" ind1=" " ind2=" ">
            <subfield code="a">arachiengfrerusspa</subfield>
        </datafield>
        <datafield tag="049" ind1=" " ind2=" ">
            <subfield code="a">usa</subfield>
        </datafield>
        <datafield tag="089" ind1=" " ind2=" ">
            <subfield code="b">B03</subfield>
        </datafield>
        <datafield tag="089" ind1=" " ind2=" ">
            <subfield code="b">B07</subfield>
        </datafield>
        <datafield tag="091" ind1=" " ind2=" ">
            <subfield code="a">PRO</subfield>
        </datafield>
        <datafield tag="099" ind1=" " ind2=" ">
            <subfield code="a">UNH</subfield>
            <subfield code="b">DHU</subfield>
        </datafield>
        <datafield tag="191" ind1=" " ind2=" ">
            <subfield code="0">1229108</subfield>
            <subfield code="9">X88</subfield>
            <subfield code="a">S/PV.6673</subfield>
            <subfield code="b">S/</subfield>
            <subfield code="c">66</subfield>
            <subfield code="q">SPV6673</subfield>
            <subfield code="r">S66</subfield>
        </datafield>
        <datafield tag="245" ind1="1" ind2="0">
            <subfield code="a">Security Council, 66th year :</subfield>
            <subfield code="b">6673rd meeting, Friday, 2 December 2011, New York</subfield>
        </datafield>
        <datafield tag="260" ind1=" " ind2=" ">
            <subfield code="a">[New York] :</subfield>
            <subfield code="b">UN,</subfield>
            <subfield code="c">[2011]</subfield>
        </datafield>
        <datafield tag="269" ind1=" " ind2=" ">
            <subfield code="a">2011</subfield>
        </datafield>
        <datafield tag="300" ind1=" " ind2=" ">
            <subfield code="a">2 p.</subfield>
        </datafield>
        <datafield tag="610" ind1="2" ind2="7">
            <subfield code="0">1234412</subfield>
            <subfield code="2">unbisn</subfield>
            <subfield code="a">UN Support Mission in Libya</subfield>
        </datafield>
        <datafield tag="650" ind1="1" ind2="7">
            <subfield code="0">1277956</subfield>
            <subfield code="2">unbist</subfield>
            <subfield code="a">SPECIAL MISSIONS</subfield>
        </datafield>
        <datafield tag="651" ind1="1" ind2="7">
            <subfield code="0">1282102</subfield>
            <subfield code="2">unbist</subfield>
            <subfield code="a">LIBYA</subfield>
        </datafield>
        <datafield tag="856" ind1="4" ind2=" ">
            <subfield code="s">85052</subfield>
            <subfield code="u">http://digitallibrary.un.org/record/717077/files/S_PV.6673-AR.pdf</subfield>
            <subfield code="y">العربية</subfield>
        </datafield>
        <datafield tag="856" ind1="4" ind2=" ">
            <subfield code="s">113701</subfield>
            <subfield code="u">http://digitallibrary.un.org/record/717077/files/S_PV.6673-ZH.pdf</subfield>
            <subfield code="y">中文</subfield>
        </datafield>
        <datafield tag="856" ind1="4" ind2=" ">
            <subfield code="s">77628</subfield>
            <subfield code="u">http://digitallibrary.un.org/record/717077/files/S_PV.6673-EN.pdf</subfield>
            <subfield code="y">English</subfield>
        </datafield>
        <datafield tag="856" ind1="4" ind2=" ">
            <subfield code="s">180297</subfield>
            <subfield code="u">http://digitallibrary.un.org/record/717077/files/S_PV.6673-FR.pdf</subfield>
            <subfield code="y">Français</subfield>
        </datafield>
        <datafield tag="856" ind1="4" ind2=" ">
            <subfield code="s">157004</subfield>
            <subfield code="u">http://digitallibrary.un.org/record/717077/files/S_PV.6673-RU.pdf</subfield>
            <subfield code="y">Русский</subfield>
        </datafield>
        <datafield tag="856" ind1="4" ind2=" ">
            <subfield code="s">122193</subfield>
            <subfield code="u">http://digitallibrary.un.org/record/717077/files/S_PV.6673-ES.pdf</subfield>
            <subfield code="y">Español</subfield>
        </datafield>
        <datafield tag="930" ind1=" " ind2=" ">
            <subfield code="a">UNDDE11</subfield>
        </datafield>
        <datafield tag="949" ind1=" " ind2=" ">
            <subfield code="9">S/PV.6673</subfield>
            <subfield code="b">1824314.1.1</subfield>
            <subfield code="c">c. 1</subfield>
            <subfield code="d">20111206190000</subfield>
            <subfield code="i">1824314</subfield>
            <subfield code="k">uncs</subfield>
            <subfield code="l">DHL</subfield>
            <subfield code="m">14day</subfield>
            <subfield code="z">t</subfield>
        </datafield>
        <datafield tag="949" ind1=" " ind2=" ">
            <subfield code="9">S/PV.6673</subfield>
            <subfield code="b">1823927.1.1</subfield>
            <subfield code="c">c. 1</subfield>
            <subfield code="d">20111205190000</subfield>
            <subfield code="i">1823927</subfield>
            <subfield code="k">unas</subfield>
            <subfield code="l">DHL</subfield>
            <subfield code="m">14day</subfield>
            <subfield code="z">t</subfield>
        </datafield>
        <datafield tag="949" ind1=" " ind2=" ">
            <subfield code="9">S/PV.6673</subfield>
            <subfield code="b">1823929.3.1</subfield>
            <subfield code="c">c. 1</subfield>
            <subfield code="d">20111205190000</subfield>
            <subfield code="i">1823929</subfield>
            <subfield code="k">unrs</subfield>
            <subfield code="l">DHL</subfield>
            <subfield code="m">14day</subfield>
            <subfield code="z">t</subfield>
        </datafield>
        <datafield tag="949" ind1=" " ind2=" ">
            <subfield code="9">S/PV.6673</subfield>
            <subfield code="b">1823928.2.1</subfield>
            <subfield code="c">c. 1</subfield>
            <subfield code="d">20111205190000</subfield>
            <subfield code="i">1823928</subfield>
            <subfield code="k">unfs</subfield>
            <subfield code="l">DHL</subfield>
            <subfield code="m">14day</subfield>
            <subfield code="z">t</subfield>
        </datafield>
        <datafield tag="949" ind1=" " ind2=" ">
            <subfield code="9">S/PV.6673</subfield>
            <subfield code="b">10000000962527</subfield>
            <subfield code="c">c. 1</subfield>
            <subfield code="d">20111205190000</subfield>
            <subfield code="i">1823926</subfield>
            <subfield code="k">unes</subfield>
            <subfield code="l">DHL</subfield>
            <subfield code="m">14day</subfield>
            <subfield code="z">t</subfield>
        </datafield>
        <datafield tag="949" ind1=" " ind2=" ">
            <subfield code="9">S/PV.6673</subfield>
            <subfield code="b">1823930.4.1</subfield>
            <subfield code="c">c. 1</subfield>
            <subfield code="d">20111205190000</subfield>
            <subfield code="i">1823930</subfield>
            <subfield code="k">unss</subfield>
            <subfield code="l">DHL</subfield>
            <subfield code="m">14day</subfield>
            <subfield code="z">t</subfield>
        </datafield>
        <datafield tag="980" ind1=" " ind2=" ">
            <subfield code="a">BIB</subfield>
        </datafield>
        <datafield tag="989" ind1=" " ind2=" ">
            <subfield code="a">Documents and Publications</subfield>
            <subfield code="b">Meeting Records</subfield>
            <subfield code="c">Verbatim Records</subfield>
        </datafield>
        <datafield tag="991" ind1="3" ind2=" ">
            <subfield code="0">1234636</subfield>
            <subfield code="a">S/66</subfield>
            <subfield code="b">[219]</subfield>
            <subfield code="d">LIBYA SITUATION</subfield>
            <subfield code="e">At the 6673rd meeting, draft resolution S/2011/752 was adopted unanimously: resolution 2022 (2011)</subfield>
            <subfield code="z">I</subfield>
        </datafield>
        <datafield tag="991" ind1="3" ind2=" ">
            <subfield code="0">1234645</subfield>
            <subfield code="a">S/66</subfield>
            <subfield code="b">[220]</subfield>
            <subfield code="d">UN SUPPORT MISSION IN LIBYA</subfield>
            <subfield code="e">At the 6673rd meeting, draft resolution S/2011/752 was adopted unanimously: resolution 2022 (2011)</subfield>
            <subfield code="z">I</subfield>
        </datafield>
        <datafield tag="991" ind1="3" ind2=" ">
            <subfield code="0">1234636</subfield>
            <subfield code="a">S/66</subfield>
            <subfield code="b">[219]</subfield>
            <subfield code="d">LIBYA SITUATION</subfield>
            <subfield code="e">Participation by non-Council members (without right to vote): Libya</subfield>
            <subfield code="f">X27</subfield>
            <subfield code="z">I</subfield>
        </datafield>
        <datafield tag="991" ind1="3" ind2=" ">
            <subfield code="0">1234645</subfield>
            <subfield code="a">S/66</subfield>
            <subfield code="b">[220]</subfield>
            <subfield code="d">UN SUPPORT MISSION IN LIBYA</subfield>
            <subfield code="e">Participation by non-Council members (without right to vote): Libya</subfield>
            <subfield code="f">X27</subfield>
            <subfield code="z">I</subfield>
        </datafield>
        <datafield tag="992" ind1=" " ind2=" ">
            <subfield code="a">20111202</subfield>
        </datafield>
        <datafield tag="998" ind1=" " ind2=" ">
            <subfield code="a">20111206044300</subfield>
            <subfield code="b">kroy</subfield>
            <subfield code="c">20111212100500</subfield>
            <subfield code="d">slcat</subfield>
        </datafield>
        <datafield tag="999" ind1=" " ind2=" ">
            <subfield code="a">kakc20111206</subfield>
            <subfield code="b">20111206</subfield>
            <subfield code="c">c</subfield>
        </datafield>
        <datafield tag="999" ind1=" " ind2=" ">
            <subfield code="a">slr20111207</subfield>
            <subfield code="b">20111207</subfield>
            <subfield code="c">r</subfield>
        </datafield>
        <datafield tag="999" ind1=" " ind2=" ">
            <subfield code="a">krq20111206</subfield>
            <subfield code="b">20111206</subfield>
            <subfield code="c">q</subfield>
        </datafield>
        <datafield tag="999" ind1=" " ind2=" ">
            <subfield code="a">vwt20111207</subfield>
            <subfield code="b">20111207</subfield>
            <subfield code="c">t</subfield>
        </datafield>
        <datafield tag="999" ind1=" " ind2=" ">
            <subfield code="a">kri20111207</subfield>
            <subfield code="b">20111207</subfield>
            <subfield code="c">i</subfield>
        </datafield>
    </record>