

    
    <record>
        <controlfield tag="001">717074</controlfield>
        <controlfield tag="000">00000nam\\2200025#a\4500</controlfield>
        <controlfield tag="005">20170412204658.0</controlfield>
        <controlfield tag="008">111206s2011\\\\usa\\\\#r\\\\\|||1|\eng\d</controlfield>
        <datafield tag="029" ind1=" " ind2=" ">
            <subfield code="a">JN</subfield>
            <subfield code="b">N1161237 E</subfield>
        </datafield>
        <datafield tag="035" ind1=" " ind2=" ">
            <subfield code="a">D0384966</subfield>
        </datafield>
        <datafield tag="035" ind1=" " ind2=" ">
            <subfield code="a">(DHL)962524</subfield>
        </datafield>
        <datafield tag="039" ind1=" " ind2=" ">
            <subfield code="a">DHU</subfield>
        </datafield>
        <datafield tag="040" ind1=" " ind2=" ">
            <subfield code="a">NNUN</subfield>
            <subfield code="b">eng</subfield>
        </datafield>
        <datafield tag="041" ind1=" " ind2=" ">
            <subfield code="a">arachiengfrerusspa</subfield>
        </datafield>
        <datafield tag="049" ind1=" " ind2=" ">
            <subfield code="a">usa</subfield>
        </datafield>
        <datafield tag="089" ind1=" " ind2=" ">
            <subfield code="b">B03</subfield>
        </datafield>
        <datafield tag="091" ind1=" " ind2=" ">
            <subfield code="a">PRO</subfield>
        </datafield>
        <datafield tag="099" ind1=" " ind2=" ">
            <subfield code="a">UNH</subfield>
            <subfield code="b">DHU</subfield>
        </datafield>
        <datafield tag="191" ind1=" " ind2=" ">
            <subfield code="0">1229108</subfield>
            <subfield code="9">X88</subfield>
            <subfield code="a">S/PV.6672</subfield>
            <subfield code="b">S/</subfield>
            <subfield code="c">66</subfield>
            <subfield code="q">SPV6672</subfield>
            <subfield code="r">S66</subfield>
        </datafield>
        <datafield tag="245" ind1="1" ind2="0">
            <subfield code="a">Security Council, 66th year :</subfield>
            <subfield code="b">6672nd meeting, Wednesday, 30 November 2011, New York</subfield>
        </datafield>
        <datafield tag="260" ind1=" " ind2=" ">
            <subfield code="a">[New York] :</subfield>
            <subfield code="b">UN,</subfield>
            <subfield code="c">[2011]</subfield>
        </datafield>
        <datafield tag="269" ind1=" " ind2=" ">
            <subfield code="a">2011</subfield>
        </datafield>
        <datafield tag="300" ind1=" " ind2=" ">
            <subfield code="a">26 p.</subfield>
        </datafield>
        <datafield tag="610" ind1="2" ind2="7">
            <subfield code="0">964755</subfield>
            <subfield code="2">unbisn</subfield>
            <subfield code="a">UN. Security Council</subfield>
            <subfield code="g">Work organization</subfield>
        </datafield>
        <datafield tag="650" ind1="1" ind2="7">
            <subfield code="0">1278434</subfield>
            <subfield code="2">unbist</subfield>
            <subfield code="a">ADMINISTRATIVE PROCEDURE</subfield>
        </datafield>
        <datafield tag="650" ind1="1" ind2="7">
            <subfield code="0">1278457</subfield>
            <subfield code="2">unbist</subfield>
            <subfield code="a">PUBLIC MEETINGS</subfield>
        </datafield>
        <datafield tag="650" ind1="1" ind2="7">
            <subfield code="0">1281648</subfield>
            <subfield code="2">unbist</subfield>
            <subfield code="a">DOCUMENTATION</subfield>
        </datafield>
        <datafield tag="650" ind1="1" ind2="7">
            <subfield code="0">1283185</subfield>
            <subfield code="2">unbist</subfield>
            <subfield code="a">CONSULTATIONS</subfield>
        </datafield>
        <datafield tag="650" ind1="1" ind2="7">
            <subfield code="0">1283261</subfield>
            <subfield code="2">unbist</subfield>
            <subfield code="a">REPORT PREPARATION</subfield>
        </datafield>
        <datafield tag="856" ind1="4" ind2=" ">
            <subfield code="s">377529</subfield>
            <subfield code="u">http://digitallibrary.un.org/record/717074/files/S_PV.6672-AR.pdf</subfield>
            <subfield code="y">العربية</subfield>
        </datafield>
        <datafield tag="856" ind1="4" ind2=" ">
            <subfield code="s">338392</subfield>
            <subfield code="u">http://digitallibrary.un.org/record/717074/files/S_PV.6672-ZH.pdf</subfield>
            <subfield code="y">中文</subfield>
        </datafield>
        <datafield tag="856" ind1="4" ind2=" ">
            <subfield code="s">237511</subfield>
            <subfield code="u">http://digitallibrary.un.org/record/717074/files/S_PV.6672-EN.pdf</subfield>
            <subfield code="y">English</subfield>
        </datafield>
        <datafield tag="856" ind1="4" ind2=" ">
            <subfield code="s">287664</subfield>
            <subfield code="u">http://digitallibrary.un.org/record/717074/files/S_PV.6672-FR.pdf</subfield>
            <subfield code="y">Français</subfield>
        </datafield>
        <datafield tag="856" ind1="4" ind2=" ">
            <subfield code="s">535016</subfield>
            <subfield code="u">http://digitallibrary.un.org/record/717074/files/S_PV.6672-RU.pdf</subfield>
            <subfield code="y">Русский</subfield>
        </datafield>
        <datafield tag="856" ind1="4" ind2=" ">
            <subfield code="s">279859</subfield>
            <subfield code="u">http://digitallibrary.un.org/record/717074/files/S_PV.6672-ES.pdf</subfield>
            <subfield code="y">Español</subfield>
        </datafield>
        <datafield tag="930" ind1=" " ind2=" ">
            <subfield code="a">UNDDE11</subfield>
        </datafield>
        <datafield tag="949" ind1=" " ind2=" ">
            <subfield code="9">S/PV.6672</subfield>
            <subfield code="b">1824745.1.1</subfield>
            <subfield code="c">c. 1</subfield>
            <subfield code="d">20111208190000</subfield>
            <subfield code="i">1824745</subfield>
            <subfield code="k">unrs</subfield>
            <subfield code="l">DHL</subfield>
            <subfield code="m">14day</subfield>
            <subfield code="z">t</subfield>
        </datafield>
        <datafield tag="949" ind1=" " ind2=" ">
            <subfield code="9">S/PV.6672</subfield>
            <subfield code="b">10000000962524</subfield>
            <subfield code="c">c. 1</subfield>
            <subfield code="d">20111205190000</subfield>
            <subfield code="i">1823959</subfield>
            <subfield code="k">unes</subfield>
            <subfield code="l">DHL</subfield>
            <subfield code="m">14day</subfield>
            <subfield code="z">t</subfield>
        </datafield>
        <datafield tag="949" ind1=" " ind2=" ">
            <subfield code="9">S/PV.6672</subfield>
            <subfield code="b">1824317.1.1</subfield>
            <subfield code="c">c. 1</subfield>
            <subfield code="d">20111206190000</subfield>
            <subfield code="i">1824317</subfield>
            <subfield code="k">unfs</subfield>
            <subfield code="l">DHL</subfield>
            <subfield code="m">14day</subfield>
            <subfield code="z">t</subfield>
        </datafield>
        <datafield tag="949" ind1=" " ind2=" ">
            <subfield code="9">S/PV.6672</subfield>
            <subfield code="b">1826979.1.1</subfield>
            <subfield code="c">c. 1</subfield>
            <subfield code="d">20111218190000</subfield>
            <subfield code="i">1826979</subfield>
            <subfield code="k">unas</subfield>
            <subfield code="l">DHL</subfield>
            <subfield code="m">14day</subfield>
            <subfield code="z">t</subfield>
        </datafield>
        <datafield tag="949" ind1=" " ind2=" ">
            <subfield code="9">S/PV.6672</subfield>
            <subfield code="b">1824746.2.1</subfield>
            <subfield code="c">c. 1</subfield>
            <subfield code="d">20111208190000</subfield>
            <subfield code="i">1824746</subfield>
            <subfield code="k">unss</subfield>
            <subfield code="l">DHL</subfield>
            <subfield code="m">14day</subfield>
            <subfield code="z">t</subfield>
        </datafield>
        <datafield tag="949" ind1=" " ind2=" ">
            <subfield code="9">S/PV.6672</subfield>
            <subfield code="b">1824316.1.1</subfield>
            <subfield code="c">c. 1</subfield>
            <subfield code="d">20111206190000</subfield>
            <subfield code="i">1824316</subfield>
            <subfield code="k">uncs</subfield>
            <subfield code="l">DHL</subfield>
            <subfield code="m">14day</subfield>
            <subfield code="z">t</subfield>
        </datafield>
        <datafield tag="980" ind1=" " ind2=" ">
            <subfield code="a">BIB</subfield>
        </datafield>
        <datafield tag="989" ind1=" " ind2=" ">
            <subfield code="a">Documents and Publications</subfield>
            <subfield code="b">Meeting Records</subfield>
            <subfield code="c">Verbatim Records</subfield>
        </datafield>
        <datafield tag="991" ind1="3" ind2=" ">
            <subfield code="0">1228928</subfield>
            <subfield code="a">S/66</subfield>
            <subfield code="b">[8]</subfield>
            <subfield code="d">UN. SECURITY COUNCIL--METHODS OF WORK</subfield>
            <subfield code="z">I</subfield>
        </datafield>
        <datafield tag="991" ind1="3" ind2=" ">
            <subfield code="0">1228928</subfield>
            <subfield code="a">S/66</subfield>
            <subfield code="b">[8]</subfield>
            <subfield code="d">UN. SECURITY COUNCIL--METHODS OF WORK</subfield>
            <subfield code="e">Participation by non-Council members (without right to vote): Australia, Belgium, Costa Rica, Egypt, Finland, Guatemala, Islamic Republic of Iran, Japan, Jordan, Liechtenstein, Luxembourg, Malaysia, Mexico, Morocco, New Zealand, Singapore, Slovenia, Spain, Sudan and Switzerland</subfield>
            <subfield code="f">X27</subfield>
            <subfield code="z">I</subfield>
        </datafield>
        <datafield tag="992" ind1=" " ind2=" ">
            <subfield code="a">20111130</subfield>
        </datafield>
        <datafield tag="998" ind1=" " ind2=" ">
            <subfield code="a">20111206044200</subfield>
            <subfield code="b">kroy</subfield>
            <subfield code="c">20111219122500</subfield>
            <subfield code="d">kroy</subfield>
        </datafield>
        <datafield tag="999" ind1=" " ind2=" ">
            <subfield code="a">krq20111206</subfield>
            <subfield code="b">20111206</subfield>
            <subfield code="c">q</subfield>
        </datafield>
        <datafield tag="999" ind1=" " ind2=" ">
            <subfield code="a">slr20111208</subfield>
            <subfield code="b">20111208</subfield>
            <subfield code="c">r</subfield>
        </datafield>
        <datafield tag="999" ind1=" " ind2=" ">
            <subfield code="a">mhc20111206</subfield>
            <subfield code="b">20111206</subfield>
            <subfield code="c">c</subfield>
        </datafield>
        <datafield tag="999" ind1=" " ind2=" ">
            <subfield code="a">vwt20111206</subfield>
            <subfield code="b">20111206</subfield>
            <subfield code="c">t</subfield>
        </datafield>
        <datafield tag="999" ind1=" " ind2=" ">
            <subfield code="a">kri20111207</subfield>
            <subfield code="b">20111207</subfield>
            <subfield code="c">i</subfield>
        </datafield>
        <datafield tag="999" ind1=" " ind2=" ">
            <subfield code="a">kri20111209</subfield>
            <subfield code="b">20111209</subfield>
            <subfield code="c">i</subfield>
        </datafield>
        <datafield tag="999" ind1=" " ind2=" ">
            <subfield code="a">kri20111219</subfield>
            <subfield code="b">20111219</subfield>
            <subfield code="c">i</subfield>
        </datafield>
    </record>