

    
    <record>
        <controlfield tag="001">716813</controlfield>
        <controlfield tag="000">00000nam\\2200025#a\4500</controlfield>
        <controlfield tag="005">20170412204653.0</controlfield>
        <controlfield tag="008">111201s2011\\\\usa\\\\#r\\\\\|||1|\eng\d</controlfield>
        <datafield tag="029" ind1=" " ind2=" ">
            <subfield code="a">JN</subfield>
            <subfield code="b">N1160966 E</subfield>
        </datafield>
        <datafield tag="035" ind1=" " ind2=" ">
            <subfield code="a">D0384828</subfield>
        </datafield>
        <datafield tag="035" ind1=" " ind2=" ">
            <subfield code="a">(DHL)962238</subfield>
        </datafield>
        <datafield tag="039" ind1=" " ind2=" ">
            <subfield code="a">DHU</subfield>
        </datafield>
        <datafield tag="040" ind1=" " ind2=" ">
            <subfield code="a">NNUN</subfield>
            <subfield code="b">eng</subfield>
        </datafield>
        <datafield tag="041" ind1=" " ind2=" ">
            <subfield code="a">arachiengfrerusspa</subfield>
        </datafield>
        <datafield tag="049" ind1=" " ind2=" ">
            <subfield code="a">usa</subfield>
        </datafield>
        <datafield tag="089" ind1=" " ind2=" ">
            <subfield code="b">B03</subfield>
        </datafield>
        <datafield tag="089" ind1=" " ind2=" ">
            <subfield code="b">B07</subfield>
        </datafield>
        <datafield tag="091" ind1=" " ind2=" ">
            <subfield code="a">PRO</subfield>
        </datafield>
        <datafield tag="099" ind1=" " ind2=" ">
            <subfield code="a">UNH</subfield>
            <subfield code="b">DHU</subfield>
        </datafield>
        <datafield tag="191" ind1=" " ind2=" ">
            <subfield code="0">1229108</subfield>
            <subfield code="9">X88</subfield>
            <subfield code="a">S/PV.6671</subfield>
            <subfield code="b">S/</subfield>
            <subfield code="c">66</subfield>
            <subfield code="q">SPV6671</subfield>
            <subfield code="r">S66</subfield>
        </datafield>
        <datafield tag="245" ind1="1" ind2="0">
            <subfield code="a">Security Council, 66th year :</subfield>
            <subfield code="b">6671st meeting, Tuesday, 29 November 2011, New York</subfield>
        </datafield>
        <datafield tag="260" ind1=" " ind2=" ">
            <subfield code="a">[New York] :</subfield>
            <subfield code="b">UN,</subfield>
            <subfield code="c">[2011]</subfield>
        </datafield>
        <datafield tag="269" ind1=" " ind2=" ">
            <subfield code="a">2011</subfield>
        </datafield>
        <datafield tag="300" ind1=" " ind2=" ">
            <subfield code="a">2 p.</subfield>
        </datafield>
        <datafield tag="610" ind1="2" ind2="7">
            <subfield code="0">1151072</subfield>
            <subfield code="2">unbisn</subfield>
            <subfield code="a">UN. Group of Experts Established pursuant to Resolution 1533 (2004)</subfield>
        </datafield>
        <datafield tag="650" ind1="1" ind2="7">
            <subfield code="0">1277955</subfield>
            <subfield code="2">unbist</subfield>
            <subfield code="a">SANCTIONS</subfield>
        </datafield>
        <datafield tag="650" ind1="1" ind2="7">
            <subfield code="0">1284427</subfield>
            <subfield code="2">unbist</subfield>
            <subfield code="a">DEMOCRATIC REPUBLIC OF THE CONGO SITUATION</subfield>
        </datafield>
        <datafield tag="651" ind1="1" ind2="7">
            <subfield code="0">1282131</subfield>
            <subfield code="2">unbist</subfield>
            <subfield code="a">DEMOCRATIC REPUBLIC OF THE CONGO</subfield>
        </datafield>
        <datafield tag="856" ind1="4" ind2=" ">
            <subfield code="s">79876</subfield>
            <subfield code="u">http://digitallibrary.un.org/record/716813/files/S_PV.6671-AR.pdf</subfield>
            <subfield code="y">العربية</subfield>
        </datafield>
        <datafield tag="856" ind1="4" ind2=" ">
            <subfield code="s">104856</subfield>
            <subfield code="u">http://digitallibrary.un.org/record/716813/files/S_PV.6671-ZH.pdf</subfield>
            <subfield code="y">中文</subfield>
        </datafield>
        <datafield tag="856" ind1="4" ind2=" ">
            <subfield code="s">76833</subfield>
            <subfield code="u">http://digitallibrary.un.org/record/716813/files/S_PV.6671-EN.pdf</subfield>
            <subfield code="y">English</subfield>
        </datafield>
        <datafield tag="856" ind1="4" ind2=" ">
            <subfield code="s">80228</subfield>
            <subfield code="u">http://digitallibrary.un.org/record/716813/files/S_PV.6671-FR.pdf</subfield>
            <subfield code="y">Français</subfield>
        </datafield>
        <datafield tag="856" ind1="4" ind2=" ">
            <subfield code="s">151011</subfield>
            <subfield code="u">http://digitallibrary.un.org/record/716813/files/S_PV.6671-RU.pdf</subfield>
            <subfield code="y">Русский</subfield>
        </datafield>
        <datafield tag="856" ind1="4" ind2=" ">
            <subfield code="s">119793</subfield>
            <subfield code="u">http://digitallibrary.un.org/record/716813/files/S_PV.6671-ES.pdf</subfield>
            <subfield code="y">Español</subfield>
        </datafield>
        <datafield tag="930" ind1=" " ind2=" ">
            <subfield code="a">UNDDE11</subfield>
        </datafield>
        <datafield tag="949" ind1=" " ind2=" ">
            <subfield code="9">S/PV.6671</subfield>
            <subfield code="b">1823027.2.1</subfield>
            <subfield code="c">c. 1</subfield>
            <subfield code="d">20111130190000</subfield>
            <subfield code="i">1823027</subfield>
            <subfield code="k">uncs</subfield>
            <subfield code="l">DHL</subfield>
            <subfield code="m">14day</subfield>
            <subfield code="z">t</subfield>
        </datafield>
        <datafield tag="949" ind1=" " ind2=" ">
            <subfield code="9">S/PV.6671</subfield>
            <subfield code="b">1824086.2.1</subfield>
            <subfield code="c">c. 1</subfield>
            <subfield code="d">20111205190000</subfield>
            <subfield code="i">1824086</subfield>
            <subfield code="k">unss</subfield>
            <subfield code="l">DHL</subfield>
            <subfield code="m">14day</subfield>
            <subfield code="z">t</subfield>
        </datafield>
        <datafield tag="949" ind1=" " ind2=" ">
            <subfield code="9">S/PV.6671</subfield>
            <subfield code="b">1824085.1.1</subfield>
            <subfield code="c">c. 1</subfield>
            <subfield code="d">20111205190000</subfield>
            <subfield code="i">1824085</subfield>
            <subfield code="k">unfs</subfield>
            <subfield code="l">DHL</subfield>
            <subfield code="m">14day</subfield>
            <subfield code="z">t</subfield>
        </datafield>
        <datafield tag="949" ind1=" " ind2=" ">
            <subfield code="9">S/PV.6671</subfield>
            <subfield code="b">1823029.4.1</subfield>
            <subfield code="c">c. 1</subfield>
            <subfield code="d">20111130190000</subfield>
            <subfield code="i">1823029</subfield>
            <subfield code="k">unrs</subfield>
            <subfield code="l">DHL</subfield>
            <subfield code="m">14day</subfield>
            <subfield code="z">t</subfield>
        </datafield>
        <datafield tag="949" ind1=" " ind2=" ">
            <subfield code="9">S/PV.6671</subfield>
            <subfield code="b">10000000962238</subfield>
            <subfield code="c">c. 1</subfield>
            <subfield code="d">20111130190000</subfield>
            <subfield code="i">1823025</subfield>
            <subfield code="k">unes</subfield>
            <subfield code="l">DHL</subfield>
            <subfield code="m">14day</subfield>
            <subfield code="z">t</subfield>
        </datafield>
        <datafield tag="949" ind1=" " ind2=" ">
            <subfield code="9">S/PV.6671</subfield>
            <subfield code="b">1823026.1.1</subfield>
            <subfield code="c">c. 1</subfield>
            <subfield code="d">20111130190000</subfield>
            <subfield code="i">1823026</subfield>
            <subfield code="k">unas</subfield>
            <subfield code="l">DHL</subfield>
            <subfield code="m">14day</subfield>
            <subfield code="z">t</subfield>
        </datafield>
        <datafield tag="980" ind1=" " ind2=" ">
            <subfield code="a">BIB</subfield>
        </datafield>
        <datafield tag="989" ind1=" " ind2=" ">
            <subfield code="a">Documents and Publications</subfield>
            <subfield code="b">Meeting Records</subfield>
            <subfield code="c">Verbatim Records</subfield>
        </datafield>
        <datafield tag="991" ind1="3" ind2=" ">
            <subfield code="0">1228846</subfield>
            <subfield code="a">S/66</subfield>
            <subfield code="b">[102]</subfield>
            <subfield code="d">DEMOCRATIC REPUBLIC OF THE CONGO SITUATION</subfield>
            <subfield code="e">At the 6671st meeting, draft resolution S/2011/737 was adopted unanimously: resolution 2021 (2011)</subfield>
            <subfield code="z">I</subfield>
        </datafield>
        <datafield tag="991" ind1="3" ind2=" ">
            <subfield code="0">1228847</subfield>
            <subfield code="a">S/66</subfield>
            <subfield code="b">[104]</subfield>
            <subfield code="d">UN ORGANIZATION STABILIZATION MISSION IN THE DEMOCRATIC REPUBLIC OF THE CONGO</subfield>
            <subfield code="e">At the 6671st meeting, draft resolution S/2011/737 was adopted unanimously: resolution 2021 (2011)</subfield>
            <subfield code="z">I</subfield>
        </datafield>
        <datafield tag="992" ind1=" " ind2=" ">
            <subfield code="a">20111129</subfield>
        </datafield>
        <datafield tag="998" ind1=" " ind2=" ">
            <subfield code="a">20111201042700</subfield>
            <subfield code="b">mlcat</subfield>
            <subfield code="c">20120117042500</subfield>
            <subfield code="d">amcat</subfield>
        </datafield>
        <datafield tag="999" ind1=" " ind2=" ">
            <subfield code="a">jmc20111202</subfield>
            <subfield code="b">20111202</subfield>
            <subfield code="c">c</subfield>
        </datafield>
        <datafield tag="999" ind1=" " ind2=" ">
            <subfield code="a">slr20111202</subfield>
            <subfield code="b">20111202</subfield>
            <subfield code="c">r</subfield>
        </datafield>
        <datafield tag="999" ind1=" " ind2=" ">
            <subfield code="a">mleq20111201</subfield>
            <subfield code="b">20111201</subfield>
            <subfield code="c">q</subfield>
        </datafield>
        <datafield tag="999" ind1=" " ind2=" ">
            <subfield code="a">vwt20111202</subfield>
            <subfield code="b">20111202</subfield>
            <subfield code="c">t</subfield>
        </datafield>
        <datafield tag="999" ind1=" " ind2=" ">
            <subfield code="a">kri20111206</subfield>
            <subfield code="b">20111206</subfield>
            <subfield code="c">i</subfield>
        </datafield>
    </record>