

    
    <record>
        <controlfield tag="001">716020</controlfield>
        <controlfield tag="000">00000nam\\2200025#a\4500</controlfield>
        <controlfield tag="005">20170412204639.0</controlfield>
        <controlfield tag="008">111118s2011\\\\usa\\\\#r\\\\\|||1|\eng\d</controlfield>
        <datafield tag="029" ind1=" " ind2=" ">
            <subfield code="a">JN</subfield>
            <subfield code="b">N1159535 E</subfield>
        </datafield>
        <datafield tag="035" ind1=" " ind2=" ">
            <subfield code="a">D0384589</subfield>
        </datafield>
        <datafield tag="035" ind1=" " ind2=" ">
            <subfield code="a">(DHL)961364</subfield>
        </datafield>
        <datafield tag="039" ind1=" " ind2=" ">
            <subfield code="a">DHU</subfield>
        </datafield>
        <datafield tag="040" ind1=" " ind2=" ">
            <subfield code="a">NNUN</subfield>
            <subfield code="b">eng</subfield>
        </datafield>
        <datafield tag="041" ind1=" " ind2=" ">
            <subfield code="a">arachiengfrerusspa</subfield>
        </datafield>
        <datafield tag="049" ind1=" " ind2=" ">
            <subfield code="a">usa</subfield>
        </datafield>
        <datafield tag="089" ind1=" " ind2=" ">
            <subfield code="b">B03</subfield>
        </datafield>
        <datafield tag="089" ind1=" " ind2=" ">
            <subfield code="b">B07</subfield>
        </datafield>
        <datafield tag="091" ind1=" " ind2=" ">
            <subfield code="a">PRO</subfield>
        </datafield>
        <datafield tag="099" ind1=" " ind2=" ">
            <subfield code="a">UNH</subfield>
            <subfield code="b">DHU</subfield>
        </datafield>
        <datafield tag="191" ind1=" " ind2=" ">
            <subfield code="0">1229108</subfield>
            <subfield code="9">X88</subfield>
            <subfield code="a">S/PV.6661</subfield>
            <subfield code="b">S/</subfield>
            <subfield code="c">66</subfield>
            <subfield code="q">SPV6661</subfield>
            <subfield code="r">S66</subfield>
        </datafield>
        <datafield tag="245" ind1="1" ind2="0">
            <subfield code="a">Security Council, 66th year :</subfield>
            <subfield code="b">6661st meeting, Wednesday, 16 November 2011, New York</subfield>
        </datafield>
        <datafield tag="260" ind1=" " ind2=" ">
            <subfield code="a">[New York] :</subfield>
            <subfield code="b">UN,</subfield>
            <subfield code="c">[2011]</subfield>
        </datafield>
        <datafield tag="269" ind1=" " ind2=" ">
            <subfield code="a">2011</subfield>
        </datafield>
        <datafield tag="300" ind1=" " ind2=" ">
            <subfield code="a">2 p.</subfield>
        </datafield>
        <datafield tag="610" ind1="2" ind2="7">
            <subfield code="0">1023165</subfield>
            <subfield code="2">unbisn</subfield>
            <subfield code="a">Stabilization Force</subfield>
        </datafield>
        <datafield tag="650" ind1="1" ind2="7">
            <subfield code="0">1277830</subfield>
            <subfield code="2">unbist</subfield>
            <subfield code="a">INTERNAL SECURITY</subfield>
        </datafield>
        <datafield tag="650" ind1="1" ind2="7">
            <subfield code="0">1284084</subfield>
            <subfield code="2">unbist</subfield>
            <subfield code="a">PEACEBUILDING</subfield>
        </datafield>
        <datafield tag="650" ind1="1" ind2="7">
            <subfield code="0">1284093</subfield>
            <subfield code="2">unbist</subfield>
            <subfield code="a">BOSNIA AND HERZEGOVINA SITUATION</subfield>
        </datafield>
        <datafield tag="650" ind1="1" ind2="7">
            <subfield code="0">1284114</subfield>
            <subfield code="2">unbist</subfield>
            <subfield code="a">FORMER YUGOSLAVIA SITUATION</subfield>
        </datafield>
        <datafield tag="651" ind1="1" ind2="7">
            <subfield code="0">1284077</subfield>
            <subfield code="2">unbist</subfield>
            <subfield code="a">BOSNIA AND HERZEGOVINA</subfield>
        </datafield>
        <datafield tag="856" ind1="4" ind2=" ">
            <subfield code="s">86715</subfield>
            <subfield code="u">http://digitallibrary.un.org/record/716020/files/S_PV.6661-AR.pdf</subfield>
            <subfield code="y">العربية</subfield>
        </datafield>
        <datafield tag="856" ind1="4" ind2=" ">
            <subfield code="s">113972</subfield>
            <subfield code="u">http://digitallibrary.un.org/record/716020/files/S_PV.6661-ZH.pdf</subfield>
            <subfield code="y">中文</subfield>
        </datafield>
        <datafield tag="856" ind1="4" ind2=" ">
            <subfield code="s">78829</subfield>
            <subfield code="u">http://digitallibrary.un.org/record/716020/files/S_PV.6661-EN.pdf</subfield>
            <subfield code="y">English</subfield>
        </datafield>
        <datafield tag="856" ind1="4" ind2=" ">
            <subfield code="s">84398</subfield>
            <subfield code="u">http://digitallibrary.un.org/record/716020/files/S_PV.6661-FR.pdf</subfield>
            <subfield code="y">Français</subfield>
        </datafield>
        <datafield tag="856" ind1="4" ind2=" ">
            <subfield code="s">154177</subfield>
            <subfield code="u">http://digitallibrary.un.org/record/716020/files/S_PV.6661-RU.pdf</subfield>
            <subfield code="y">Русский</subfield>
        </datafield>
        <datafield tag="856" ind1="4" ind2=" ">
            <subfield code="s">127759</subfield>
            <subfield code="u">http://digitallibrary.un.org/record/716020/files/S_PV.6661-ES.pdf</subfield>
            <subfield code="y">Español</subfield>
        </datafield>
        <datafield tag="930" ind1=" " ind2=" ">
            <subfield code="a">UNDNO11</subfield>
        </datafield>
        <datafield tag="949" ind1=" " ind2=" ">
            <subfield code="9">S/PV.6661</subfield>
            <subfield code="b">1820692.2.1</subfield>
            <subfield code="c">c. 1</subfield>
            <subfield code="d">20111117190000</subfield>
            <subfield code="i">1820692</subfield>
            <subfield code="k">uncs</subfield>
            <subfield code="l">DHL</subfield>
            <subfield code="m">14day</subfield>
            <subfield code="z">t</subfield>
        </datafield>
        <datafield tag="949" ind1=" " ind2=" ">
            <subfield code="9">S/PV.6661</subfield>
            <subfield code="b">10000000961364</subfield>
            <subfield code="c">c. 1</subfield>
            <subfield code="d">20111117190000</subfield>
            <subfield code="i">1820690</subfield>
            <subfield code="k">unes</subfield>
            <subfield code="l">DHL</subfield>
            <subfield code="m">14day</subfield>
            <subfield code="z">t</subfield>
        </datafield>
        <datafield tag="949" ind1=" " ind2=" ">
            <subfield code="9">S/PV.6661</subfield>
            <subfield code="b">1820694.4.1</subfield>
            <subfield code="c">c. 1</subfield>
            <subfield code="d">20111117190000</subfield>
            <subfield code="i">1820694</subfield>
            <subfield code="k">unrs</subfield>
            <subfield code="l">DHL</subfield>
            <subfield code="m">14day</subfield>
            <subfield code="z">t</subfield>
        </datafield>
        <datafield tag="949" ind1=" " ind2=" ">
            <subfield code="9">S/PV.6661</subfield>
            <subfield code="b">1820693.3.1</subfield>
            <subfield code="c">c. 1</subfield>
            <subfield code="d">20111117190000</subfield>
            <subfield code="i">1820693</subfield>
            <subfield code="k">unfs</subfield>
            <subfield code="l">DHL</subfield>
            <subfield code="m">14day</subfield>
            <subfield code="z">t</subfield>
        </datafield>
        <datafield tag="949" ind1=" " ind2=" ">
            <subfield code="9">S/PV.6661</subfield>
            <subfield code="b">1820691.1.1</subfield>
            <subfield code="c">c. 1</subfield>
            <subfield code="d">20111117190000</subfield>
            <subfield code="i">1820691</subfield>
            <subfield code="k">unas</subfield>
            <subfield code="l">DHL</subfield>
            <subfield code="m">14day</subfield>
            <subfield code="z">t</subfield>
        </datafield>
        <datafield tag="949" ind1=" " ind2=" ">
            <subfield code="9">S/PV.6661</subfield>
            <subfield code="b">1820695.5.1</subfield>
            <subfield code="c">c. 1</subfield>
            <subfield code="d">20111117190000</subfield>
            <subfield code="i">1820695</subfield>
            <subfield code="k">unss</subfield>
            <subfield code="l">DHL</subfield>
            <subfield code="m">14day</subfield>
            <subfield code="z">t</subfield>
        </datafield>
        <datafield tag="980" ind1=" " ind2=" ">
            <subfield code="a">BIB</subfield>
        </datafield>
        <datafield tag="989" ind1=" " ind2=" ">
            <subfield code="a">Documents and Publications</subfield>
            <subfield code="b">Meeting Records</subfield>
            <subfield code="c">Verbatim Records</subfield>
        </datafield>
        <datafield tag="991" ind1="3" ind2=" ">
            <subfield code="0">1228925</subfield>
            <subfield code="a">S/66</subfield>
            <subfield code="b">[62]</subfield>
            <subfield code="d">BOSNIA AND HERZEGOVINA SITUATION</subfield>
            <subfield code="e">Participation by non-Council members (without right to vote): Italy and Spain</subfield>
            <subfield code="f">X27</subfield>
            <subfield code="z">I</subfield>
        </datafield>
        <datafield tag="991" ind1="3" ind2=" ">
            <subfield code="0">1228923</subfield>
            <subfield code="a">S/66</subfield>
            <subfield code="b">[60]</subfield>
            <subfield code="d">FORMER YUGOSLAVIA SITUATION</subfield>
            <subfield code="e">Participation by non-Council members (without right to vote): Italy and Spain</subfield>
            <subfield code="f">X27</subfield>
            <subfield code="z">I</subfield>
        </datafield>
        <datafield tag="991" ind1="3" ind2=" ">
            <subfield code="0">1228925</subfield>
            <subfield code="a">S/66</subfield>
            <subfield code="b">[62]</subfield>
            <subfield code="d">BOSNIA AND HERZEGOVINA SITUATION</subfield>
            <subfield code="e">At the 6661st meeting, draft resolution S/2011/713 was adopted unanimously: resolution 2019 (2011)</subfield>
            <subfield code="z">I</subfield>
        </datafield>
        <datafield tag="991" ind1="3" ind2=" ">
            <subfield code="0">1228923</subfield>
            <subfield code="a">S/66</subfield>
            <subfield code="b">[60]</subfield>
            <subfield code="d">FORMER YUGOSLAVIA SITUATION</subfield>
            <subfield code="e">At the 6661st meeting, draft resolution S/2011/713 was adopted unanimously: resolution 2019 (2011)</subfield>
            <subfield code="z">I</subfield>
        </datafield>
        <datafield tag="992" ind1=" " ind2=" ">
            <subfield code="a">20111116</subfield>
        </datafield>
        <datafield tag="998" ind1=" " ind2=" ">
            <subfield code="a">20111118044300</subfield>
            <subfield code="b">mlcat</subfield>
            <subfield code="c">20111202055200</subfield>
            <subfield code="d">vwcat2</subfield>
        </datafield>
        <datafield tag="999" ind1=" " ind2=" ">
            <subfield code="a">slr20111128</subfield>
            <subfield code="b">20111128</subfield>
            <subfield code="c">r</subfield>
        </datafield>
        <datafield tag="999" ind1=" " ind2=" ">
            <subfield code="a">mleq20111118</subfield>
            <subfield code="b">20111118</subfield>
            <subfield code="c">q</subfield>
        </datafield>
        <datafield tag="999" ind1=" " ind2=" ">
            <subfield code="a">mhc20111118</subfield>
            <subfield code="b">20111118</subfield>
            <subfield code="c">c</subfield>
        </datafield>
        <datafield tag="999" ind1=" " ind2=" ">
            <subfield code="a">vwt20111202</subfield>
            <subfield code="b">20111202</subfield>
            <subfield code="c">t</subfield>
        </datafield>
    </record>