

    
    <record>
        <controlfield tag="001">713872</controlfield>
        <controlfield tag="000">00000nam\\2200025#a\4500</controlfield>
        <controlfield tag="005">20170412204558.0</controlfield>
        <controlfield tag="008">111026s2011\\\\usa\\\\#r\\\\\|||1|\eng\d</controlfield>
        <datafield tag="029" ind1=" " ind2=" ">
            <subfield code="a">JN</subfield>
            <subfield code="b">N1156022 E</subfield>
        </datafield>
        <datafield tag="035" ind1=" " ind2=" ">
            <subfield code="a">D0383931</subfield>
        </datafield>
        <datafield tag="035" ind1=" " ind2=" ">
            <subfield code="a">(DHL)958904</subfield>
        </datafield>
        <datafield tag="039" ind1=" " ind2=" ">
            <subfield code="a">DHU</subfield>
        </datafield>
        <datafield tag="040" ind1=" " ind2=" ">
            <subfield code="a">NNUN</subfield>
            <subfield code="b">eng</subfield>
        </datafield>
        <datafield tag="041" ind1=" " ind2=" ">
            <subfield code="a">arachiengfrerusspa</subfield>
        </datafield>
        <datafield tag="049" ind1=" " ind2=" ">
            <subfield code="a">usa</subfield>
        </datafield>
        <datafield tag="089" ind1=" " ind2=" ">
            <subfield code="b">B03</subfield>
        </datafield>
        <datafield tag="089" ind1=" " ind2=" ">
            <subfield code="b">B07</subfield>
        </datafield>
        <datafield tag="091" ind1=" " ind2=" ">
            <subfield code="a">PRO</subfield>
        </datafield>
        <datafield tag="099" ind1=" " ind2=" ">
            <subfield code="a">UNH</subfield>
            <subfield code="b">DHU</subfield>
        </datafield>
        <datafield tag="191" ind1=" " ind2=" ">
            <subfield code="0">1229108</subfield>
            <subfield code="9">X88</subfield>
            <subfield code="a">S/PV.6635</subfield>
            <subfield code="b">S/</subfield>
            <subfield code="c">66</subfield>
            <subfield code="q">SPV6635</subfield>
            <subfield code="r">S66</subfield>
        </datafield>
        <datafield tag="245" ind1="1" ind2="0">
            <subfield code="a">Security Council, 66th year :</subfield>
            <subfield code="b">6635th meeting, Monday, 24 October 2011, New York</subfield>
        </datafield>
        <datafield tag="260" ind1=" " ind2=" ">
            <subfield code="a">[New York] :</subfield>
            <subfield code="b">UN,</subfield>
            <subfield code="c">[2011]</subfield>
        </datafield>
        <datafield tag="269" ind1=" " ind2=" ">
            <subfield code="a">2011</subfield>
        </datafield>
        <datafield tag="300" ind1=" " ind2=" ">
            <subfield code="a">2 p.</subfield>
        </datafield>
        <datafield tag="650" ind1="1" ind2="7">
            <subfield code="0">1283326</subfield>
            <subfield code="2">unbist</subfield>
            <subfield code="a">PIRACY</subfield>
        </datafield>
        <datafield tag="650" ind1="1" ind2="7">
            <subfield code="0">1278306</subfield>
            <subfield code="2">unbist</subfield>
            <subfield code="a">TERRITORIAL SEA</subfield>
        </datafield>
        <datafield tag="651" ind1="1" ind2="7">
            <subfield code="0">1282119</subfield>
            <subfield code="2">unbist</subfield>
            <subfield code="a">SOMALIA</subfield>
        </datafield>
        <datafield tag="856" ind1="4" ind2=" ">
            <subfield code="s">79752</subfield>
            <subfield code="u">http://digitallibrary.un.org/record/713872/files/S_PV.6635-AR.pdf</subfield>
            <subfield code="y">العربية</subfield>
        </datafield>
        <datafield tag="856" ind1="4" ind2=" ">
            <subfield code="s">119396</subfield>
            <subfield code="u">http://digitallibrary.un.org/record/713872/files/S_PV.6635-ZH.pdf</subfield>
            <subfield code="y">中文</subfield>
        </datafield>
        <datafield tag="856" ind1="4" ind2=" ">
            <subfield code="s">76885</subfield>
            <subfield code="u">http://digitallibrary.un.org/record/713872/files/S_PV.6635-EN.pdf</subfield>
            <subfield code="y">English</subfield>
        </datafield>
        <datafield tag="856" ind1="4" ind2=" ">
            <subfield code="s">79929</subfield>
            <subfield code="u">http://digitallibrary.un.org/record/713872/files/S_PV.6635-FR.pdf</subfield>
            <subfield code="y">Français</subfield>
        </datafield>
        <datafield tag="856" ind1="4" ind2=" ">
            <subfield code="s">148179</subfield>
            <subfield code="u">http://digitallibrary.un.org/record/713872/files/S_PV.6635-RU.pdf</subfield>
            <subfield code="y">Русский</subfield>
        </datafield>
        <datafield tag="856" ind1="4" ind2=" ">
            <subfield code="s">118826</subfield>
            <subfield code="u">http://digitallibrary.un.org/record/713872/files/S_PV.6635-ES.pdf</subfield>
            <subfield code="y">Español</subfield>
        </datafield>
        <datafield tag="930" ind1=" " ind2=" ">
            <subfield code="a">UNDOC11</subfield>
        </datafield>
        <datafield tag="949" ind1=" " ind2=" ">
            <subfield code="9">S/PV.6635</subfield>
            <subfield code="b">1814777.2.1</subfield>
            <subfield code="c">c. 1</subfield>
            <subfield code="d">20111025200000</subfield>
            <subfield code="i">1814777</subfield>
            <subfield code="k">uncs</subfield>
            <subfield code="l">DHL</subfield>
            <subfield code="m">14day</subfield>
            <subfield code="z">t</subfield>
        </datafield>
        <datafield tag="949" ind1=" " ind2=" ">
            <subfield code="9">S/PV.6635</subfield>
            <subfield code="b">1814779.4.1</subfield>
            <subfield code="c">c. 1</subfield>
            <subfield code="d">20111025200000</subfield>
            <subfield code="i">1814779</subfield>
            <subfield code="k">unrs</subfield>
            <subfield code="l">DHL</subfield>
            <subfield code="m">14day</subfield>
            <subfield code="z">t</subfield>
        </datafield>
        <datafield tag="949" ind1=" " ind2=" ">
            <subfield code="9">S/PV.6635</subfield>
            <subfield code="b">1814776.1.1</subfield>
            <subfield code="c">c. 1</subfield>
            <subfield code="d">20111025200000</subfield>
            <subfield code="i">1814776</subfield>
            <subfield code="k">unas</subfield>
            <subfield code="l">DHL</subfield>
            <subfield code="m">14day</subfield>
            <subfield code="z">t</subfield>
        </datafield>
        <datafield tag="949" ind1=" " ind2=" ">
            <subfield code="9">S/PV.6635</subfield>
            <subfield code="b">1814778.3.1</subfield>
            <subfield code="c">c. 1</subfield>
            <subfield code="d">20111025200000</subfield>
            <subfield code="i">1814778</subfield>
            <subfield code="k">unfs</subfield>
            <subfield code="l">DHL</subfield>
            <subfield code="m">14day</subfield>
            <subfield code="z">t</subfield>
        </datafield>
        <datafield tag="949" ind1=" " ind2=" ">
            <subfield code="9">S/PV.6635</subfield>
            <subfield code="b">10000000958904</subfield>
            <subfield code="c">c. 1</subfield>
            <subfield code="d">20111025200000</subfield>
            <subfield code="i">1814775</subfield>
            <subfield code="k">unes</subfield>
            <subfield code="l">DHL</subfield>
            <subfield code="m">14day</subfield>
            <subfield code="z">t</subfield>
        </datafield>
        <datafield tag="949" ind1=" " ind2=" ">
            <subfield code="9">S/PV.6635</subfield>
            <subfield code="b">1814780.5.1</subfield>
            <subfield code="c">c. 1</subfield>
            <subfield code="d">20111025200000</subfield>
            <subfield code="i">1814780</subfield>
            <subfield code="k">unss</subfield>
            <subfield code="l">DHL</subfield>
            <subfield code="m">14day</subfield>
            <subfield code="z">t</subfield>
        </datafield>
        <datafield tag="980" ind1=" " ind2=" ">
            <subfield code="a">BIB</subfield>
        </datafield>
        <datafield tag="989" ind1=" " ind2=" ">
            <subfield code="a">Documents and Publications</subfield>
            <subfield code="b">Meeting Records</subfield>
            <subfield code="c">Verbatim Records</subfield>
        </datafield>
        <datafield tag="991" ind1="3" ind2=" ">
            <subfield code="0">1228930</subfield>
            <subfield code="a">S/66</subfield>
            <subfield code="b">[84]</subfield>
            <subfield code="d">SOMALIA SITUATION</subfield>
            <subfield code="e">At the 6635th meeting, draft resolution S/2011/650 was adopted unanimously: resolution 2015 (2011)</subfield>
            <subfield code="z">I</subfield>
        </datafield>
        <datafield tag="991" ind1="3" ind2=" ">
            <subfield code="0">1228930</subfield>
            <subfield code="a">S/66</subfield>
            <subfield code="b">[84]</subfield>
            <subfield code="d">SOMALIA SITUATION</subfield>
            <subfield code="e">Participation by non-Council members (without right to vote): Denmark, Greece, Italy, Norway, Spain and Ukraine</subfield>
            <subfield code="f">X27</subfield>
            <subfield code="z">I</subfield>
        </datafield>
        <datafield tag="992" ind1=" " ind2=" ">
            <subfield code="a">20111024</subfield>
        </datafield>
        <datafield tag="998" ind1=" " ind2=" ">
            <subfield code="a">20111026051900</subfield>
            <subfield code="b">kroy</subfield>
            <subfield code="c">20111101115100</subfield>
            <subfield code="d">vwcat2</subfield>
        </datafield>
        <datafield tag="999" ind1=" " ind2=" ">
            <subfield code="a">slr20111101</subfield>
            <subfield code="b">20111101</subfield>
            <subfield code="c">r</subfield>
        </datafield>
        <datafield tag="999" ind1=" " ind2=" ">
            <subfield code="a">kakc20111031</subfield>
            <subfield code="b">20111031</subfield>
            <subfield code="c">c</subfield>
        </datafield>
        <datafield tag="999" ind1=" " ind2=" ">
            <subfield code="a">krq20111026</subfield>
            <subfield code="b">20111026</subfield>
            <subfield code="c">q</subfield>
        </datafield>
        <datafield tag="999" ind1=" " ind2=" ">
            <subfield code="a">vwt20111101</subfield>
            <subfield code="b">20111101</subfield>
            <subfield code="c">t</subfield>
        </datafield>
    </record>