

    
    <record>
        <controlfield tag="001">713116</controlfield>
        <controlfield tag="000">00000nam\\2200025#a\4500</controlfield>
        <controlfield tag="005">20170412204545.0</controlfield>
        <controlfield tag="008">111018s2011\\\\usa\\\\#r\\\\\|||1|\eng\d</controlfield>
        <datafield tag="029" ind1=" " ind2=" ">
            <subfield code="a">JN</subfield>
            <subfield code="b">N1154545 E</subfield>
        </datafield>
        <datafield tag="035" ind1=" " ind2=" ">
            <subfield code="a">D0383410</subfield>
        </datafield>
        <datafield tag="035" ind1=" " ind2=" ">
            <subfield code="a">(DHL)957996</subfield>
        </datafield>
        <datafield tag="039" ind1=" " ind2=" ">
            <subfield code="a">DHU</subfield>
        </datafield>
        <datafield tag="040" ind1=" " ind2=" ">
            <subfield code="a">NNUN</subfield>
            <subfield code="b">eng</subfield>
        </datafield>
        <datafield tag="041" ind1=" " ind2=" ">
            <subfield code="a">arachiengfrerusspa</subfield>
        </datafield>
        <datafield tag="049" ind1=" " ind2=" ">
            <subfield code="a">usa</subfield>
        </datafield>
        <datafield tag="089" ind1=" " ind2=" ">
            <subfield code="b">B03</subfield>
        </datafield>
        <datafield tag="089" ind1=" " ind2=" ">
            <subfield code="b">B07</subfield>
        </datafield>
        <datafield tag="091" ind1=" " ind2=" ">
            <subfield code="a">PRO</subfield>
        </datafield>
        <datafield tag="099" ind1=" " ind2=" ">
            <subfield code="a">UNH</subfield>
            <subfield code="b">DHU</subfield>
        </datafield>
        <datafield tag="191" ind1=" " ind2=" ">
            <subfield code="0">1229108</subfield>
            <subfield code="9">X88</subfield>
            <subfield code="a">S/PV.6632</subfield>
            <subfield code="b">S/</subfield>
            <subfield code="c">66</subfield>
            <subfield code="q">SPV6632</subfield>
            <subfield code="r">S66</subfield>
        </datafield>
        <datafield tag="245" ind1="1" ind2="0">
            <subfield code="a">Security Council, 66th year :</subfield>
            <subfield code="b">6632nd meeting, Friday, 14 October 2011, New York</subfield>
        </datafield>
        <datafield tag="260" ind1=" " ind2=" ">
            <subfield code="a">[New York] :</subfield>
            <subfield code="b">UN,</subfield>
            <subfield code="c">[2011]</subfield>
        </datafield>
        <datafield tag="269" ind1=" " ind2=" ">
            <subfield code="a">2011</subfield>
        </datafield>
        <datafield tag="300" ind1=" " ind2=" ">
            <subfield code="a">2 p.</subfield>
        </datafield>
        <datafield tag="600" ind1="1" ind2="7">
            <subfield code="0">1215976</subfield>
            <subfield code="2">unbisn</subfield>
            <subfield code="a">Tuzmukhamedov, Bahktiiar Raisovich</subfield>
            <subfield code="g">(Russian Federation)</subfield>
        </datafield>
        <datafield tag="610" ind1="2" ind2="7">
            <subfield code="0">1012578</subfield>
            <subfield code="2">unbisn</subfield>
            <subfield code="a">International Criminal Tribunal for Rwanda</subfield>
            <subfield code="g">Personnel questions</subfield>
        </datafield>
        <datafield tag="650" ind1="1" ind2="7">
            <subfield code="0">1278166</subfield>
            <subfield code="2">unbist</subfield>
            <subfield code="a">JUDGES</subfield>
        </datafield>
        <datafield tag="650" ind1="1" ind2="7">
            <subfield code="0">1284125</subfield>
            <subfield code="2">unbist</subfield>
            <subfield code="a">INTERNATIONAL CRIMINAL COURTS</subfield>
        </datafield>
        <datafield tag="650" ind1="2" ind2="7">
            <subfield code="0">1284145</subfield>
            <subfield code="2">unbist</subfield>
            <subfield code="a">RWANDA SITUATION</subfield>
        </datafield>
        <datafield tag="856" ind1="4" ind2=" ">
            <subfield code="s">182104</subfield>
            <subfield code="u">http://digitallibrary.un.org/record/713116/files/S_PV.6632-AR.pdf</subfield>
            <subfield code="y">العربية</subfield>
        </datafield>
        <datafield tag="856" ind1="4" ind2=" ">
            <subfield code="s">117233</subfield>
            <subfield code="u">http://digitallibrary.un.org/record/713116/files/S_PV.6632-ZH.pdf</subfield>
            <subfield code="y">中文</subfield>
        </datafield>
        <datafield tag="856" ind1="4" ind2=" ">
            <subfield code="s">78830</subfield>
            <subfield code="u">http://digitallibrary.un.org/record/713116/files/S_PV.6632-EN.pdf</subfield>
            <subfield code="y">English</subfield>
        </datafield>
        <datafield tag="856" ind1="4" ind2=" ">
            <subfield code="s">83253</subfield>
            <subfield code="u">http://digitallibrary.un.org/record/713116/files/S_PV.6632-FR.pdf</subfield>
            <subfield code="y">Français</subfield>
        </datafield>
        <datafield tag="856" ind1="4" ind2=" ">
            <subfield code="s">155752</subfield>
            <subfield code="u">http://digitallibrary.un.org/record/713116/files/S_PV.6632-RU.pdf</subfield>
            <subfield code="y">Русский</subfield>
        </datafield>
        <datafield tag="856" ind1="4" ind2=" ">
            <subfield code="s">128048</subfield>
            <subfield code="u">http://digitallibrary.un.org/record/713116/files/S_PV.6632-ES.pdf</subfield>
            <subfield code="y">Español</subfield>
        </datafield>
        <datafield tag="930" ind1=" " ind2=" ">
            <subfield code="a">UNDOC11</subfield>
        </datafield>
        <datafield tag="949" ind1=" " ind2=" ">
            <subfield code="9">S/PV.6632</subfield>
            <subfield code="b">1812290.3.1</subfield>
            <subfield code="c">c. 1</subfield>
            <subfield code="d">20111017200000</subfield>
            <subfield code="i">1812290</subfield>
            <subfield code="k">unfs</subfield>
            <subfield code="l">DHL</subfield>
            <subfield code="m">14day</subfield>
            <subfield code="z">t</subfield>
        </datafield>
        <datafield tag="949" ind1=" " ind2=" ">
            <subfield code="9">S/PV.6632</subfield>
            <subfield code="b">1812291.4.1</subfield>
            <subfield code="c">c. 1</subfield>
            <subfield code="d">20111017200000</subfield>
            <subfield code="i">1812291</subfield>
            <subfield code="k">unrs</subfield>
            <subfield code="l">DHL</subfield>
            <subfield code="m">14day</subfield>
            <subfield code="z">t</subfield>
        </datafield>
        <datafield tag="949" ind1=" " ind2=" ">
            <subfield code="9">S/PV.6632</subfield>
            <subfield code="b">1812288.1.1</subfield>
            <subfield code="c">c. 1</subfield>
            <subfield code="d">20111017200000</subfield>
            <subfield code="i">1812288</subfield>
            <subfield code="k">unas</subfield>
            <subfield code="l">DHL</subfield>
            <subfield code="m">14day</subfield>
            <subfield code="z">t</subfield>
        </datafield>
        <datafield tag="949" ind1=" " ind2=" ">
            <subfield code="9">S/PV.6632</subfield>
            <subfield code="b">10000000957996</subfield>
            <subfield code="c">c. 1</subfield>
            <subfield code="d">20111017200000</subfield>
            <subfield code="i">1812190</subfield>
            <subfield code="k">unes</subfield>
            <subfield code="l">DHL</subfield>
            <subfield code="m">14day</subfield>
            <subfield code="z">t</subfield>
        </datafield>
        <datafield tag="949" ind1=" " ind2=" ">
            <subfield code="9">S/PV.6632</subfield>
            <subfield code="b">1812292.5.1</subfield>
            <subfield code="c">c. 1</subfield>
            <subfield code="d">20111017200000</subfield>
            <subfield code="i">1812292</subfield>
            <subfield code="k">unss</subfield>
            <subfield code="l">DHL</subfield>
            <subfield code="m">14day</subfield>
            <subfield code="z">t</subfield>
        </datafield>
        <datafield tag="949" ind1=" " ind2=" ">
            <subfield code="9">S/PV.6632</subfield>
            <subfield code="b">1812289.2.1</subfield>
            <subfield code="c">c. 1</subfield>
            <subfield code="d">20111017200000</subfield>
            <subfield code="i">1812289</subfield>
            <subfield code="k">uncs</subfield>
            <subfield code="l">DHL</subfield>
            <subfield code="m">14day</subfield>
            <subfield code="z">t</subfield>
        </datafield>
        <datafield tag="980" ind1=" " ind2=" ">
            <subfield code="a">BIB</subfield>
        </datafield>
        <datafield tag="989" ind1=" " ind2=" ">
            <subfield code="a">Documents and Publications</subfield>
            <subfield code="b">Meeting Records</subfield>
            <subfield code="c">Verbatim Records</subfield>
        </datafield>
        <datafield tag="991" ind1="3" ind2=" ">
            <subfield code="0">1228935</subfield>
            <subfield code="a">S/66</subfield>
            <subfield code="b">[95]</subfield>
            <subfield code="d">RWANDA SITUATION</subfield>
            <subfield code="e">At the 6632nd meeting, draft resolution S/2011/636 was adopted unanimously: resolution 2013 (2011)</subfield>
            <subfield code="z">I</subfield>
        </datafield>
        <datafield tag="991" ind1="3" ind2=" ">
            <subfield code="0">1228936</subfield>
            <subfield code="a">S/66</subfield>
            <subfield code="b">[97]</subfield>
            <subfield code="d">INTERNATIONAL TRIBUNAL--RWANDA</subfield>
            <subfield code="e">At the 6632nd meeting, draft resolution S/2011/636 was adopted unanimously: resolution 2013 (2011)</subfield>
            <subfield code="z">I</subfield>
        </datafield>
        <datafield tag="992" ind1=" " ind2=" ">
            <subfield code="a">20111014</subfield>
        </datafield>
        <datafield tag="998" ind1=" " ind2=" ">
            <subfield code="a">20111018052300</subfield>
            <subfield code="b">mnser</subfield>
            <subfield code="c">20111101114800</subfield>
            <subfield code="d">vwcat2</subfield>
        </datafield>
        <datafield tag="999" ind1=" " ind2=" ">
            <subfield code="a">slr20111018</subfield>
            <subfield code="b">20111018</subfield>
            <subfield code="c">r</subfield>
        </datafield>
        <datafield tag="999" ind1=" " ind2=" ">
            <subfield code="a">monq20111018</subfield>
            <subfield code="b">20111018</subfield>
            <subfield code="c">q</subfield>
        </datafield>
        <datafield tag="999" ind1=" " ind2=" ">
            <subfield code="a">mhc20111018</subfield>
            <subfield code="b">20111018</subfield>
            <subfield code="c">c</subfield>
        </datafield>
        <datafield tag="999" ind1=" " ind2=" ">
            <subfield code="a">vwt20111101</subfield>
            <subfield code="b">20111101</subfield>
            <subfield code="c">t</subfield>
        </datafield>
    </record>