

    
    <record>
        <controlfield tag="001">713114</controlfield>
        <controlfield tag="000">00000nam\\2200025#a\4500</controlfield>
        <controlfield tag="005">20170412204545.0</controlfield>
        <controlfield tag="008">111018s2011\\\\usa\\\\#r\\\\\|||1|\eng\d</controlfield>
        <datafield tag="029" ind1=" " ind2=" ">
            <subfield code="a">JN</subfield>
            <subfield code="b">N1154539 E</subfield>
        </datafield>
        <datafield tag="035" ind1=" " ind2=" ">
            <subfield code="a">D0383409</subfield>
        </datafield>
        <datafield tag="035" ind1=" " ind2=" ">
            <subfield code="a">(DHL)957994</subfield>
        </datafield>
        <datafield tag="039" ind1=" " ind2=" ">
            <subfield code="a">DHU</subfield>
        </datafield>
        <datafield tag="040" ind1=" " ind2=" ">
            <subfield code="a">NNUN</subfield>
            <subfield code="b">eng</subfield>
        </datafield>
        <datafield tag="041" ind1=" " ind2=" ">
            <subfield code="a">arachiengfrerusspa</subfield>
        </datafield>
        <datafield tag="049" ind1=" " ind2=" ">
            <subfield code="a">usa</subfield>
        </datafield>
        <datafield tag="089" ind1=" " ind2=" ">
            <subfield code="b">B03</subfield>
        </datafield>
        <datafield tag="089" ind1=" " ind2=" ">
            <subfield code="b">B07</subfield>
        </datafield>
        <datafield tag="091" ind1=" " ind2=" ">
            <subfield code="a">PRO</subfield>
        </datafield>
        <datafield tag="099" ind1=" " ind2=" ">
            <subfield code="a">UNH</subfield>
            <subfield code="b">DHU</subfield>
        </datafield>
        <datafield tag="191" ind1=" " ind2=" ">
            <subfield code="0">1229108</subfield>
            <subfield code="9">X88</subfield>
            <subfield code="a">S/PV.6631</subfield>
            <subfield code="b">S/</subfield>
            <subfield code="c">66</subfield>
            <subfield code="q">SPV6631</subfield>
            <subfield code="r">S66</subfield>
        </datafield>
        <datafield tag="245" ind1="1" ind2="0">
            <subfield code="a">Security Council, 66th year :</subfield>
            <subfield code="b">6631st meeting, Friday, 14 October 2011, New York</subfield>
        </datafield>
        <datafield tag="260" ind1=" " ind2=" ">
            <subfield code="a">[New York] :</subfield>
            <subfield code="b">UN,</subfield>
            <subfield code="c">[2011]</subfield>
        </datafield>
        <datafield tag="269" ind1=" " ind2=" ">
            <subfield code="a">2011</subfield>
        </datafield>
        <datafield tag="300" ind1=" " ind2=" ">
            <subfield code="a">2 p.</subfield>
        </datafield>
        <datafield tag="610" ind1="2" ind2="7">
            <subfield code="0">1142281</subfield>
            <subfield code="2">unbisn</subfield>
            <subfield code="a">UN Stabilization Mission in Haiti</subfield>
        </datafield>
        <datafield tag="650" ind1="1" ind2="7">
            <subfield code="0">1277954</subfield>
            <subfield code="2">unbist</subfield>
            <subfield code="a">PEACEKEEPING OPERATIONS</subfield>
        </datafield>
        <datafield tag="650" ind1="1" ind2="7">
            <subfield code="0">1277830</subfield>
            <subfield code="2">unbist</subfield>
            <subfield code="a">INTERNAL SECURITY</subfield>
        </datafield>
        <datafield tag="650" ind1="1" ind2="7">
            <subfield code="0">1284434</subfield>
            <subfield code="2">unbist</subfield>
            <subfield code="a">HAITI QUESTION</subfield>
        </datafield>
        <datafield tag="651" ind1="1" ind2="7">
            <subfield code="0">1282161</subfield>
            <subfield code="2">unbist</subfield>
            <subfield code="a">HAITI</subfield>
        </datafield>
        <datafield tag="856" ind1="4" ind2=" ">
            <subfield code="s">82966</subfield>
            <subfield code="u">http://digitallibrary.un.org/record/713114/files/S_PV.6631-AR.pdf</subfield>
            <subfield code="y">العربية</subfield>
        </datafield>
        <datafield tag="856" ind1="4" ind2=" ">
            <subfield code="s">111997</subfield>
            <subfield code="u">http://digitallibrary.un.org/record/713114/files/S_PV.6631-ZH.pdf</subfield>
            <subfield code="y">中文</subfield>
        </datafield>
        <datafield tag="856" ind1="4" ind2=" ">
            <subfield code="s">78520</subfield>
            <subfield code="u">http://digitallibrary.un.org/record/713114/files/S_PV.6631-EN.pdf</subfield>
            <subfield code="y">English</subfield>
        </datafield>
        <datafield tag="856" ind1="4" ind2=" ">
            <subfield code="s">82989</subfield>
            <subfield code="u">http://digitallibrary.un.org/record/713114/files/S_PV.6631-FR.pdf</subfield>
            <subfield code="y">Français</subfield>
        </datafield>
        <datafield tag="856" ind1="4" ind2=" ">
            <subfield code="s">153966</subfield>
            <subfield code="u">http://digitallibrary.un.org/record/713114/files/S_PV.6631-RU.pdf</subfield>
            <subfield code="y">Русский</subfield>
        </datafield>
        <datafield tag="856" ind1="4" ind2=" ">
            <subfield code="s">125242</subfield>
            <subfield code="u">http://digitallibrary.un.org/record/713114/files/S_PV.6631-ES.pdf</subfield>
            <subfield code="y">Español</subfield>
        </datafield>
        <datafield tag="930" ind1=" " ind2=" ">
            <subfield code="a">UNDOC11</subfield>
        </datafield>
        <datafield tag="949" ind1=" " ind2=" ">
            <subfield code="9">S/PV.6631</subfield>
            <subfield code="b">1812229.4.1</subfield>
            <subfield code="c">c. 1</subfield>
            <subfield code="d">20111017200000</subfield>
            <subfield code="i">1812229</subfield>
            <subfield code="k">unss</subfield>
            <subfield code="l">DHL</subfield>
            <subfield code="m">14day</subfield>
            <subfield code="z">t</subfield>
        </datafield>
        <datafield tag="949" ind1=" " ind2=" ">
            <subfield code="9">S/PV.6631</subfield>
            <subfield code="b">10000000957994</subfield>
            <subfield code="c">c. 1</subfield>
            <subfield code="d">20111017200000</subfield>
            <subfield code="i">1812211</subfield>
            <subfield code="k">unes</subfield>
            <subfield code="l">DHL</subfield>
            <subfield code="m">14day</subfield>
            <subfield code="z">t</subfield>
        </datafield>
        <datafield tag="949" ind1=" " ind2=" ">
            <subfield code="9">S/PV.6631</subfield>
            <subfield code="b">1812230.5.1</subfield>
            <subfield code="c">c. 1</subfield>
            <subfield code="d">20111017200000</subfield>
            <subfield code="i">1812230</subfield>
            <subfield code="k">unrs</subfield>
            <subfield code="l">DHL</subfield>
            <subfield code="m">14day</subfield>
            <subfield code="z">t</subfield>
        </datafield>
        <datafield tag="949" ind1=" " ind2=" ">
            <subfield code="9">S/PV.6631</subfield>
            <subfield code="b">1812228.3.1</subfield>
            <subfield code="c">c. 1</subfield>
            <subfield code="d">20111017200000</subfield>
            <subfield code="i">1812228</subfield>
            <subfield code="k">unfs</subfield>
            <subfield code="l">DHL</subfield>
            <subfield code="m">14day</subfield>
            <subfield code="z">t</subfield>
        </datafield>
        <datafield tag="949" ind1=" " ind2=" ">
            <subfield code="9">S/PV.6631</subfield>
            <subfield code="b">1812227.2.1</subfield>
            <subfield code="c">c. 1</subfield>
            <subfield code="d">20111017200000</subfield>
            <subfield code="i">1812227</subfield>
            <subfield code="k">unas</subfield>
            <subfield code="l">DHL</subfield>
            <subfield code="m">14day</subfield>
            <subfield code="z">t</subfield>
        </datafield>
        <datafield tag="949" ind1=" " ind2=" ">
            <subfield code="9">S/PV.6631</subfield>
            <subfield code="b">1812226.1.1</subfield>
            <subfield code="c">c. 1</subfield>
            <subfield code="d">20111017200000</subfield>
            <subfield code="i">1812226</subfield>
            <subfield code="k">uncs</subfield>
            <subfield code="l">DHL</subfield>
            <subfield code="m">14day</subfield>
            <subfield code="z">t</subfield>
        </datafield>
        <datafield tag="980" ind1=" " ind2=" ">
            <subfield code="a">BIB</subfield>
        </datafield>
        <datafield tag="989" ind1=" " ind2=" ">
            <subfield code="a">Documents and Publications</subfield>
            <subfield code="b">Meeting Records</subfield>
            <subfield code="c">Verbatim Records</subfield>
        </datafield>
        <datafield tag="991" ind1="3" ind2=" ">
            <subfield code="0">1228856</subfield>
            <subfield code="a">S/66</subfield>
            <subfield code="b">[137]</subfield>
            <subfield code="d">UN STABILIZATION MISSION IN HAITI</subfield>
            <subfield code="e">At the 6631st meeting, draft resolution S/2011/637 was adopted unanimously: resolution 2012 (2011)</subfield>
            <subfield code="z">I</subfield>
        </datafield>
        <datafield tag="991" ind1="3" ind2=" ">
            <subfield code="0">1228857</subfield>
            <subfield code="a">S/66</subfield>
            <subfield code="b">[138]</subfield>
            <subfield code="d">HAITI--POLITICAL CONDITIONS</subfield>
            <subfield code="e">At the 6631st meeting, draft resolution S/2011/637 was adopted unanimously: resolution 2012 (2011)</subfield>
            <subfield code="z">I</subfield>
        </datafield>
        <datafield tag="991" ind1="3" ind2=" ">
            <subfield code="0">1228856</subfield>
            <subfield code="a">S/66</subfield>
            <subfield code="b">[137]</subfield>
            <subfield code="d">UN STABILIZATION MISSION IN HAITI</subfield>
            <subfield code="e">Participation by non-Council members (without right to vote): Argentina, Canada, Guatemala, Haiti, Peru, Spain and Uruguay</subfield>
            <subfield code="f">X27</subfield>
            <subfield code="z">I</subfield>
        </datafield>
        <datafield tag="991" ind1="3" ind2=" ">
            <subfield code="0">1228857</subfield>
            <subfield code="a">S/66</subfield>
            <subfield code="b">[138]</subfield>
            <subfield code="d">HAITI--POLITICAL CONDITIONS</subfield>
            <subfield code="e">Participation by non-Council members (without right to vote): Argentina, Canada, Guatemala, Haiti, Peru, Spain and Uruguay</subfield>
            <subfield code="f">X27</subfield>
            <subfield code="z">I</subfield>
        </datafield>
        <datafield tag="992" ind1=" " ind2=" ">
            <subfield code="a">20111014</subfield>
        </datafield>
        <datafield tag="998" ind1=" " ind2=" ">
            <subfield code="a">20111018052300</subfield>
            <subfield code="b">mnser</subfield>
            <subfield code="c">20160728064800</subfield>
            <subfield code="d">shkcat</subfield>
        </datafield>
        <datafield tag="999" ind1=" " ind2=" ">
            <subfield code="a">slr20111019</subfield>
            <subfield code="b">20111019</subfield>
            <subfield code="c">r</subfield>
        </datafield>
        <datafield tag="999" ind1=" " ind2=" ">
            <subfield code="a">jmc20111018</subfield>
            <subfield code="b">20111018</subfield>
            <subfield code="c">c</subfield>
        </datafield>
        <datafield tag="999" ind1=" " ind2=" ">
            <subfield code="a">monq20111018</subfield>
            <subfield code="b">20111018</subfield>
            <subfield code="c">q</subfield>
        </datafield>
        <datafield tag="999" ind1=" " ind2=" ">
            <subfield code="a">vwt20111101</subfield>
            <subfield code="b">20111101</subfield>
            <subfield code="c">t</subfield>
        </datafield>
    </record>