

    
    <record>
        <controlfield tag="001">712212</controlfield>
        <controlfield tag="000">00000nam\\2200025#a\4500</controlfield>
        <controlfield tag="005">20170412204529.0</controlfield>
        <controlfield tag="008">111007s2011\\\\usa\\\\#r\\\\\|||1|\eng\d</controlfield>
        <datafield tag="029" ind1=" " ind2=" ">
            <subfield code="a">JN</subfield>
            <subfield code="b">N1152974 E</subfield>
        </datafield>
        <datafield tag="035" ind1=" " ind2=" ">
            <subfield code="a">D0382933</subfield>
        </datafield>
        <datafield tag="035" ind1=" " ind2=" ">
            <subfield code="a">(DHL)956940</subfield>
        </datafield>
        <datafield tag="039" ind1=" " ind2=" ">
            <subfield code="a">DHU</subfield>
        </datafield>
        <datafield tag="040" ind1=" " ind2=" ">
            <subfield code="a">NNUN</subfield>
            <subfield code="b">eng</subfield>
        </datafield>
        <datafield tag="041" ind1=" " ind2=" ">
            <subfield code="a">arachiengfrerusspa</subfield>
        </datafield>
        <datafield tag="049" ind1=" " ind2=" ">
            <subfield code="a">usa</subfield>
        </datafield>
        <datafield tag="089" ind1=" " ind2=" ">
            <subfield code="b">B03</subfield>
        </datafield>
        <datafield tag="089" ind1=" " ind2=" ">
            <subfield code="b">B07</subfield>
        </datafield>
        <datafield tag="089" ind1=" " ind2=" ">
            <subfield code="b">B06</subfield>
        </datafield>
        <datafield tag="091" ind1=" " ind2=" ">
            <subfield code="a">PRO</subfield>
        </datafield>
        <datafield tag="099" ind1=" " ind2=" ">
            <subfield code="a">UNH</subfield>
            <subfield code="b">DHU</subfield>
        </datafield>
        <datafield tag="191" ind1=" " ind2=" ">
            <subfield code="0">1229108</subfield>
            <subfield code="9">X88</subfield>
            <subfield code="a">S/PV.6627</subfield>
            <subfield code="b">S/</subfield>
            <subfield code="c">66</subfield>
            <subfield code="q">SPV6627</subfield>
            <subfield code="r">S66</subfield>
        </datafield>
        <datafield tag="245" ind1="1" ind2="0">
            <subfield code="a">Security Council, 66th year :</subfield>
            <subfield code="b">6627th meeting, Tuesday, 4 October 2011, New York</subfield>
        </datafield>
        <datafield tag="260" ind1=" " ind2=" ">
            <subfield code="a">[New York] :</subfield>
            <subfield code="b">UN,</subfield>
            <subfield code="c">[2011]</subfield>
        </datafield>
        <datafield tag="269" ind1=" " ind2=" ">
            <subfield code="a">2011</subfield>
        </datafield>
        <datafield tag="300" ind1=" " ind2=" ">
            <subfield code="a">14 p.</subfield>
        </datafield>
        <datafield tag="650" ind1="1" ind2="7">
            <subfield code="0">1281052</subfield>
            <subfield code="2">unbist</subfield>
            <subfield code="a">HUMAN RIGHTS</subfield>
        </datafield>
        <datafield tag="650" ind1="1" ind2="7">
            <subfield code="0">1277830</subfield>
            <subfield code="2">unbist</subfield>
            <subfield code="a">INTERNAL SECURITY</subfield>
        </datafield>
        <datafield tag="650" ind1="2" ind2="7">
            <subfield code="0">1282983</subfield>
            <subfield code="2">unbist</subfield>
            <subfield code="a">HUMAN RIGHTS VIOLATIONS</subfield>
        </datafield>
        <datafield tag="650" ind1="2" ind2="7">
            <subfield code="0">1282778</subfield>
            <subfield code="2">unbist</subfield>
            <subfield code="a">ARMS TRANSFERS</subfield>
        </datafield>
        <datafield tag="650" ind1="2" ind2="7">
            <subfield code="0">1281047</subfield>
            <subfield code="2">unbist</subfield>
            <subfield code="a">FREEDOM OF EXPRESSION</subfield>
        </datafield>
        <datafield tag="650" ind1="2" ind2="7">
            <subfield code="0">1281060</subfield>
            <subfield code="2">unbist</subfield>
            <subfield code="a">RIGHT OF ASSEMBLY</subfield>
        </datafield>
        <datafield tag="650" ind1="2" ind2="7">
            <subfield code="0">1284395</subfield>
            <subfield code="2">unbist</subfield>
            <subfield code="a">PUBLIC DEMONSTRATIONS</subfield>
        </datafield>
        <datafield tag="650" ind1="2" ind2="7">
            <subfield code="0">1281028</subfield>
            <subfield code="2">unbist</subfield>
            <subfield code="a">CIVILIAN PERSONS</subfield>
        </datafield>
        <datafield tag="651" ind1="1" ind2="7">
            <subfield code="0">1282270</subfield>
            <subfield code="2">unbist</subfield>
            <subfield code="a">SYRIAN ARAB REPUBLIC</subfield>
        </datafield>
        <datafield tag="856" ind1="4" ind2=" ">
            <subfield code="s">241981</subfield>
            <subfield code="u">http://digitallibrary.un.org/record/712212/files/S_PV.6627-AR.pdf</subfield>
            <subfield code="y">العربية</subfield>
        </datafield>
        <datafield tag="856" ind1="4" ind2=" ">
            <subfield code="s">294688</subfield>
            <subfield code="u">http://digitallibrary.un.org/record/712212/files/S_PV.6627-ZH.pdf</subfield>
            <subfield code="y">中文</subfield>
        </datafield>
        <datafield tag="856" ind1="4" ind2=" ">
            <subfield code="s">179932</subfield>
            <subfield code="u">http://digitallibrary.un.org/record/712212/files/S_PV.6627-EN.pdf</subfield>
            <subfield code="y">English</subfield>
        </datafield>
        <datafield tag="856" ind1="4" ind2=" ">
            <subfield code="s">203253</subfield>
            <subfield code="u">http://digitallibrary.un.org/record/712212/files/S_PV.6627-FR.pdf</subfield>
            <subfield code="y">Français</subfield>
        </datafield>
        <datafield tag="856" ind1="4" ind2=" ">
            <subfield code="s">357331</subfield>
            <subfield code="u">http://digitallibrary.un.org/record/712212/files/S_PV.6627-RU.pdf</subfield>
            <subfield code="y">Русский</subfield>
        </datafield>
        <datafield tag="856" ind1="4" ind2=" ">
            <subfield code="s">217387</subfield>
            <subfield code="u">http://digitallibrary.un.org/record/712212/files/S_PV.6627-ES.pdf</subfield>
            <subfield code="y">Español</subfield>
        </datafield>
        <datafield tag="930" ind1=" " ind2=" ">
            <subfield code="a">UNDOC11</subfield>
        </datafield>
        <datafield tag="949" ind1=" " ind2=" ">
            <subfield code="9">S/PV.6627</subfield>
            <subfield code="b">1809039.5.1</subfield>
            <subfield code="c">c. 1</subfield>
            <subfield code="d">20111006200000</subfield>
            <subfield code="i">1809039</subfield>
            <subfield code="k">unss</subfield>
            <subfield code="l">DHL</subfield>
            <subfield code="m">14day</subfield>
            <subfield code="z">t</subfield>
        </datafield>
        <datafield tag="949" ind1=" " ind2=" ">
            <subfield code="9">S/PV.6627</subfield>
            <subfield code="b">10000000956940</subfield>
            <subfield code="c">c. 1</subfield>
            <subfield code="d">20111006200000</subfield>
            <subfield code="i">1809034</subfield>
            <subfield code="k">unes</subfield>
            <subfield code="l">DHL</subfield>
            <subfield code="m">14day</subfield>
            <subfield code="z">t</subfield>
        </datafield>
        <datafield tag="949" ind1=" " ind2=" ">
            <subfield code="9">S/PV.6627</subfield>
            <subfield code="b">1809038.4.1</subfield>
            <subfield code="c">c. 1</subfield>
            <subfield code="d">20111006200000</subfield>
            <subfield code="i">1809038</subfield>
            <subfield code="k">unrs</subfield>
            <subfield code="l">DHL</subfield>
            <subfield code="m">14day</subfield>
            <subfield code="z">t</subfield>
        </datafield>
        <datafield tag="949" ind1=" " ind2=" ">
            <subfield code="9">S/PV.6627</subfield>
            <subfield code="b">1809037.3.1</subfield>
            <subfield code="c">c. 1</subfield>
            <subfield code="d">20111006200000</subfield>
            <subfield code="i">1809037</subfield>
            <subfield code="k">unfs</subfield>
            <subfield code="l">DHL</subfield>
            <subfield code="m">14day</subfield>
            <subfield code="z">t</subfield>
        </datafield>
        <datafield tag="949" ind1=" " ind2=" ">
            <subfield code="9">S/PV.6627</subfield>
            <subfield code="b">1809035.1.1</subfield>
            <subfield code="c">c. 1</subfield>
            <subfield code="d">20111006200000</subfield>
            <subfield code="i">1809035</subfield>
            <subfield code="k">unas</subfield>
            <subfield code="l">DHL</subfield>
            <subfield code="m">14day</subfield>
            <subfield code="z">t</subfield>
        </datafield>
        <datafield tag="949" ind1=" " ind2=" ">
            <subfield code="9">S/PV.6627</subfield>
            <subfield code="b">1809036.2.1</subfield>
            <subfield code="c">c. 1</subfield>
            <subfield code="d">20111006200000</subfield>
            <subfield code="i">1809036</subfield>
            <subfield code="k">uncs</subfield>
            <subfield code="l">DHL</subfield>
            <subfield code="m">14day</subfield>
            <subfield code="z">t</subfield>
        </datafield>
        <datafield tag="980" ind1=" " ind2=" ">
            <subfield code="a">BIB</subfield>
        </datafield>
        <datafield tag="989" ind1=" " ind2=" ">
            <subfield code="a">Documents and Publications</subfield>
            <subfield code="b">Meeting Records</subfield>
            <subfield code="c">Verbatim Records</subfield>
        </datafield>
        <datafield tag="991" ind1="3" ind2=" ">
            <subfield code="0">1235059</subfield>
            <subfield code="a">S/66</subfield>
            <subfield code="b">[222]</subfield>
            <subfield code="d">SYRIAN ARAB REPUBLIC SITUATION</subfield>
            <subfield code="e">Participation by non-Council members (without right to vote): Syrian Arab Republic</subfield>
            <subfield code="f">X27</subfield>
            <subfield code="z">I</subfield>
        </datafield>
        <datafield tag="991" ind1="3" ind2=" ">
            <subfield code="0">1228878</subfield>
            <subfield code="a">S/66</subfield>
            <subfield code="b">[189]</subfield>
            <subfield code="d">CIVILIAN PERSONS--ARMED CONFLICTS</subfield>
            <subfield code="e">Participation by non-Council members (without right to vote): Syrian Arab Republic</subfield>
            <subfield code="f">X27</subfield>
            <subfield code="z">I</subfield>
        </datafield>
        <datafield tag="991" ind1="3" ind2=" ">
            <subfield code="0">1228907</subfield>
            <subfield code="a">S/66</subfield>
            <subfield code="b">[33]</subfield>
            <subfield code="d">HUMAN RIGHTS</subfield>
            <subfield code="e">Participation by non-Council members (without right to vote): Syrian Arab Republic</subfield>
            <subfield code="f">X27</subfield>
            <subfield code="z">I</subfield>
        </datafield>
        <datafield tag="991" ind1="3" ind2=" ">
            <subfield code="0">1235059</subfield>
            <subfield code="a">S/66</subfield>
            <subfield code="b">[222]</subfield>
            <subfield code="d">SYRIAN ARAB REPUBLIC SITUATION</subfield>
            <subfield code="e">At the 6627th meeting, draft resolution S/2011/612 was not adopted (9-2-4) due to the negative vote of 2 permanent members of the Security Council (China and Russian Federation)</subfield>
            <subfield code="z">I</subfield>
        </datafield>
        <datafield tag="991" ind1="3" ind2=" ">
            <subfield code="0">1228878</subfield>
            <subfield code="a">S/66</subfield>
            <subfield code="b">[189]</subfield>
            <subfield code="d">CIVILIAN PERSONS--ARMED CONFLICTS</subfield>
            <subfield code="e">At the 6627th meeting, draft resolution S/2011/612 was not adopted (9-2-4) due to the negative vote of 2 permanent members of the Security Council (China and Russian Federation)</subfield>
            <subfield code="z">I</subfield>
        </datafield>
        <datafield tag="991" ind1="3" ind2=" ">
            <subfield code="0">1228907</subfield>
            <subfield code="a">S/66</subfield>
            <subfield code="b">[33]</subfield>
            <subfield code="d">HUMAN RIGHTS</subfield>
            <subfield code="e">At the 6627th meeting, draft resolution S/2011/612 was not adopted (9-2-4) due to the negative vote of 2 permanent members of the Security Council (China and Russian Federation)</subfield>
            <subfield code="z">I</subfield>
        </datafield>
        <datafield tag="992" ind1=" " ind2=" ">
            <subfield code="a">20111004</subfield>
        </datafield>
        <datafield tag="998" ind1=" " ind2=" ">
            <subfield code="a">20111007053500</subfield>
            <subfield code="b">mnser</subfield>
            <subfield code="c">20120227105600</subfield>
            <subfield code="d">vwcat2</subfield>
        </datafield>
        <datafield tag="999" ind1=" " ind2=" ">
            <subfield code="a">slr20111012</subfield>
            <subfield code="b">20111012</subfield>
            <subfield code="c">r</subfield>
        </datafield>
        <datafield tag="999" ind1=" " ind2=" ">
            <subfield code="a">kakc20111007</subfield>
            <subfield code="b">20111007</subfield>
            <subfield code="c">c</subfield>
        </datafield>
        <datafield tag="999" ind1=" " ind2=" ">
            <subfield code="a">monq20111007</subfield>
            <subfield code="b">20111007</subfield>
            <subfield code="c">q</subfield>
        </datafield>
        <datafield tag="999" ind1=" " ind2=" ">
            <subfield code="a">vwt20111201</subfield>
            <subfield code="b">20111201</subfield>
            <subfield code="c">t</subfield>
        </datafield>
        <datafield tag="999" ind1=" " ind2=" ">
            <subfield code="a">vwu20120227</subfield>
            <subfield code="b">20120227</subfield>
            <subfield code="c">u</subfield>
        </datafield>
    </record>