

    
<record>
  <controlfield tag="000">00000nam\\2200025#a\4500</controlfield>
  <controlfield tag="001">711559</controlfield>
  <controlfield tag="005">20170511193500.0</controlfield>
  <controlfield tag="008">110930s2011\\\\usa\\\\#r\\\\\|||1|\eng\d</controlfield>
  <datafield tag="022" ind1=" " ind2=" ">
    <subfield code="a">0251-9321</subfield>
  </datafield>
  <datafield tag="029" ind1=" " ind2=" ">
    <subfield code="a">JN</subfield>
    <subfield code="b">N1148226 E</subfield>
  </datafield>
  <datafield tag="035" ind1=" " ind2=" ">
    <subfield code="a">D0382708</subfield>
  </datafield>
  <datafield tag="035" ind1=" " ind2=" ">
    <subfield code="a">(DHL)956161</subfield>
  </datafield>
  <datafield tag="039" ind1=" " ind2=" ">
    <subfield code="a">DHU</subfield>
  </datafield>
  <datafield tag="040" ind1=" " ind2=" ">
    <subfield code="a">NNUN</subfield>
    <subfield code="b">eng</subfield>
  </datafield>
  <datafield tag="041" ind1=" " ind2=" ">
    <subfield code="a">arachiengfrerusspa</subfield>
  </datafield>
  <datafield tag="049" ind1=" " ind2=" ">
    <subfield code="a">usa</subfield>
  </datafield>
  <datafield tag="089" ind1=" " ind2=" ">
    <subfield code="b">B04</subfield>
  </datafield>
  <datafield tag="091" ind1=" " ind2=" ">
    <subfield code="a">GEN</subfield>
  </datafield>
  <datafield tag="099" ind1=" " ind2=" ">
    <subfield code="a">UNH</subfield>
    <subfield code="b">DHU</subfield>
    <subfield code="c">A(01)/R3</subfield>
    <subfield code="q">A01R3</subfield>
  </datafield>
  <datafield tag="191" ind1=" " ind2=" ">
    <subfield code="a">A/66/30</subfield>
    <subfield code="b">A/</subfield>
    <subfield code="c">66</subfield>
    <subfield code="9">G00</subfield>
    <subfield code="q">A6630</subfield>
    <subfield code="r">A66</subfield>
    <subfield code="0">1228994</subfield>
  </datafield>
  <datafield tag="245" ind1="1" ind2="0">
    <subfield code="a">Report of the International Civil Service Commission for 2011</subfield>
  </datafield>
  <datafield tag="260" ind1=" " ind2=" ">
    <subfield code="a">New York :</subfield>
    <subfield code="b">UN,</subfield>
    <subfield code="c">2011</subfield>
  </datafield>
  <datafield tag="269" ind1=" " ind2=" ">
    <subfield code="a">2011</subfield>
  </datafield>
  <datafield tag="300" ind1=" " ind2=" ">
    <subfield code="a">xiv, 90 p. :</subfield>
    <subfield code="b">graphs, tables</subfield>
  </datafield>
  <datafield tag="495" ind1=" " ind2=" ">
    <subfield code="a">GAOR, 66th sess., Suppl. no. 30</subfield>
  </datafield>
  <datafield tag="500" ind1=" " ind2=" ">
    <subfield code="a">Includes a glossary of technnical terms.</subfield>
  </datafield>
  <datafield tag="500" ind1=" " ind2=" ">
    <subfield code="a">Annexes (p. 61-90): 1. Programme of work of the International Civil Service Commission for 2012-2013 -- 2. Danger pay -- 3. Amounts payable under the mobility and hardship scheme, effective 1 January 2012 -- 4. Performance management framework --  5. Salary scale for the Professional and higher categories and staff assessment to be used in conjunction with gross base salaries -- 6. Comparison of average net remuneration of United Nations officials in the Professional and higher categories in New York and United States officials in Washington, D.C., by equivalent grades (margin for calendar year 2011) -- 7. Status of geographical distribution in organizations with desirable ranges -- 8. Revised rest and recuperation framework, effective 1 January 2012 -- 9. Unified special operations living allowance rates for non-family duty stations.</subfield>
  </datafield>
  <datafield tag="610" ind1="2" ind2="7">
    <subfield code="a">International Civil Service Commission</subfield>
    <subfield code="g">Work programme (2012-2013)</subfield>
    <subfield code="2">unbisn</subfield>
    <subfield code="0">1223248</subfield>
  </datafield>
  <datafield tag="610" ind1="0" ind2="7">
    <subfield code="a">International Civil Service Commission</subfield>
    <subfield code="g">Members</subfield>
    <subfield code="2">unbisn</subfield>
    <subfield code="0">940614</subfield>
  </datafield>
  <datafield tag="610" ind1="2" ind2="7">
    <subfield code="a">UN</subfield>
    <subfield code="g">Personnel questions</subfield>
    <subfield code="2">unbisn</subfield>
    <subfield code="0">931636</subfield>
  </datafield>
  <datafield tag="610" ind1="2" ind2="7">
    <subfield code="a">UN System</subfield>
    <subfield code="g">Personnel questions</subfield>
    <subfield code="2">unbisn</subfield>
    <subfield code="0">929085</subfield>
  </datafield>
  <datafield tag="610" ind1="2" ind2="7">
    <subfield code="a">International Civil Service Commission (72nd sess. : 2011 : New York)</subfield>
    <subfield code="2">unbisn</subfield>
    <subfield code="0">1231345</subfield>
  </datafield>
  <datafield tag="610" ind1="2" ind2="7">
    <subfield code="a">International Civil Service Commission (73rd sess. : 2011 : Paris)</subfield>
    <subfield code="2">unbisn</subfield>
    <subfield code="0">1233985</subfield>
  </datafield>
  <datafield tag="650" ind1="1" ind2="7">
    <subfield code="a">INTERNATIONAL CIVIL SERVICE</subfield>
    <subfield code="2">unbist</subfield>
    <subfield code="0">1277917</subfield>
  </datafield>
  <datafield tag="650" ind1="1" ind2="7">
    <subfield code="a">PROFESSIONAL STAFF</subfield>
    <subfield code="2">unbist</subfield>
    <subfield code="0">1283215</subfield>
  </datafield>
  <datafield tag="650" ind1="1" ind2="7">
    <subfield code="a">GENERAL SERVICE STAFF</subfield>
    <subfield code="2">unbist</subfield>
    <subfield code="0">1283209</subfield>
  </datafield>
  <datafield tag="650" ind1="1" ind2="7">
    <subfield code="a">FIELD STAFF</subfield>
    <subfield code="2">unbist</subfield>
    <subfield code="0">1283208</subfield>
  </datafield>
  <datafield tag="650" ind1="1" ind2="7">
    <subfield code="a">WORKING CONDITIONS</subfield>
    <subfield code="2">unbist</subfield>
    <subfield code="0">1280862</subfield>
  </datafield>
  <datafield tag="650" ind1="2" ind2="7">
    <subfield code="a">PENSIONABLE REMUNERATION</subfield>
    <subfield code="2">unbist</subfield>
    <subfield code="0">1283214</subfield>
  </datafield>
  <datafield tag="650" ind1="2" ind2="7">
    <subfield code="a">SALARIES AND ALLOWANCES</subfield>
    <subfield code="2">unbist</subfield>
    <subfield code="0">1283216</subfield>
  </datafield>
  <datafield tag="650" ind1="2" ind2="7">
    <subfield code="a">POST ADJUSTMENT</subfield>
    <subfield code="2">unbist</subfield>
    <subfield code="0">1282636</subfield>
  </datafield>
  <datafield tag="650" ind1="2" ind2="7">
    <subfield code="a">DUTY STATIONS</subfield>
    <subfield code="2">unbist</subfield>
    <subfield code="0">1283286</subfield>
  </datafield>
  <datafield tag="650" ind1="2" ind2="7">
    <subfield code="a">PERSONNEL MANAGEMENT</subfield>
    <subfield code="2">unbist</subfield>
    <subfield code="0">1279426</subfield>
  </datafield>
  <datafield tag="650" ind1="2" ind2="7">
    <subfield code="a">MOBILITY AND HARDSHIP ALLOWANCE</subfield>
    <subfield code="2">unbist</subfield>
    <subfield code="0">1283791</subfield>
  </datafield>
  <datafield tag="650" ind1="2" ind2="7">
    <subfield code="a">STAFF ASSESSMENT</subfield>
    <subfield code="2">unbist</subfield>
    <subfield code="0">1283221</subfield>
  </datafield>
  <datafield tag="650" ind1="2" ind2="7">
    <subfield code="a">GEOGRAPHICAL DISTRIBUTION</subfield>
    <subfield code="2">unbist</subfield>
    <subfield code="0">1282545</subfield>
  </datafield>
  <datafield tag="650" ind1="2" ind2="7">
    <subfield code="a">COST OF LIVING</subfield>
    <subfield code="2">unbist</subfield>
    <subfield code="0">1278343</subfield>
  </datafield>
  <datafield tag="650" ind1="2" ind2="7">
    <subfield code="a">EDUCATION GRANT</subfield>
    <subfield code="2">unbist</subfield>
    <subfield code="0">1283207</subfield>
  </datafield>
  <datafield tag="710" ind1="2" ind2=" ">
    <subfield code="a">International Civil Service Commission</subfield>
    <subfield code="0">(DHLAUTH)39759</subfield>
  </datafield>
  <datafield tag="830" ind1=" " ind2=" ">
    <subfield code="a">Report of the International Civil Service Commission</subfield>
    <subfield code="0">(DHLAUTH)884785</subfield>
  </datafield>
  <datafield tag="830" ind1=" " ind2=" ">
    <subfield code="a">General Assembly. Official Records. Supplement</subfield>
    <subfield code="0">1275447</subfield>
  </datafield>
  <datafield tag="856" ind1="4" ind2=" ">
    <subfield code="s">1278007</subfield>
    <subfield code="u">http://digitallibrary.un.org/record/711559/files/A_66_30-ZH.pdf</subfield>
    <subfield code="y">中文</subfield>
  </datafield>
  <datafield tag="856" ind1="4" ind2=" ">
    <subfield code="s">1376729</subfield>
    <subfield code="u">http://digitallibrary.un.org/record/711559/files/A_66_30-RU.pdf</subfield>
    <subfield code="y">Русский</subfield>
  </datafield>
  <datafield tag="856" ind1="4" ind2=" ">
    <subfield code="s">408638</subfield>
    <subfield code="u">http://digitallibrary.un.org/record/711559/files/A_66_30-ES.pdf</subfield>
    <subfield code="y">Español</subfield>
  </datafield>
  <datafield tag="856" ind1="4" ind2=" ">
    <subfield code="s">409032</subfield>
    <subfield code="u">http://digitallibrary.un.org/record/711559/files/A_66_30-FR.pdf</subfield>
    <subfield code="y">Français</subfield>
  </datafield>
  <datafield tag="856" ind1="4" ind2=" ">
    <subfield code="s">584312</subfield>
    <subfield code="u">http://digitallibrary.un.org/record/711559/files/A_66_30-EN.pdf</subfield>
    <subfield code="y">English</subfield>
  </datafield>
  <datafield tag="856" ind1="4" ind2=" ">
    <subfield code="s">901923</subfield>
    <subfield code="u">http://digitallibrary.un.org/record/711559/files/A_66_30-AR.pdf</subfield>
    <subfield code="y">العربية</subfield>
  </datafield>
  <datafield tag="930" ind1=" " ind2=" ">
    <subfield code="a">UNDSE11</subfield>
  </datafield>
  <datafield tag="949" ind1=" " ind2=" ">
    <subfield code="9">A(01)/R3</subfield>
    <subfield code="b">1806715.1.1</subfield>
    <subfield code="i">1806715</subfield>
    <subfield code="k">uncs</subfield>
    <subfield code="c">c. 1</subfield>
    <subfield code="l">DHL</subfield>
    <subfield code="z">t</subfield>
    <subfield code="m">14day</subfield>
    <subfield code="d">20110929200000</subfield>
  </datafield>
  <datafield tag="949" ind1=" " ind2=" ">
    <subfield code="9">A(01)/R3</subfield>
    <subfield code="b">1806720.4.1</subfield>
    <subfield code="i">1806720</subfield>
    <subfield code="k">unss</subfield>
    <subfield code="c">c. 1</subfield>
    <subfield code="l">DHL</subfield>
    <subfield code="z">t</subfield>
    <subfield code="m">14day</subfield>
    <subfield code="d">20110929200000</subfield>
  </datafield>
  <datafield tag="949" ind1=" " ind2=" ">
    <subfield code="9">A(01)/R3</subfield>
    <subfield code="b">1806718.2.1</subfield>
    <subfield code="i">1806718</subfield>
    <subfield code="k">unfs</subfield>
    <subfield code="c">c. 1</subfield>
    <subfield code="l">DHL</subfield>
    <subfield code="z">t</subfield>
    <subfield code="m">14day</subfield>
    <subfield code="d">20110929200000</subfield>
  </datafield>
  <datafield tag="949" ind1=" " ind2=" ">
    <subfield code="9">A(01)/R3</subfield>
    <subfield code="b">10000000956161</subfield>
    <subfield code="i">1806714</subfield>
    <subfield code="k">unes</subfield>
    <subfield code="c">c. 1</subfield>
    <subfield code="l">DHL</subfield>
    <subfield code="z">t</subfield>
    <subfield code="m">14day</subfield>
    <subfield code="d">20110929200000</subfield>
  </datafield>
  <datafield tag="949" ind1=" " ind2=" ">
    <subfield code="9">A(01)/R3</subfield>
    <subfield code="b">1806717.1.1</subfield>
    <subfield code="i">1806717</subfield>
    <subfield code="k">unas</subfield>
    <subfield code="c">c. 1</subfield>
    <subfield code="l">DHL</subfield>
    <subfield code="z">t</subfield>
    <subfield code="m">14day</subfield>
    <subfield code="d">20110929200000</subfield>
  </datafield>
  <datafield tag="949" ind1=" " ind2=" ">
    <subfield code="9">A(01)/R3</subfield>
    <subfield code="b">1806719.3.1</subfield>
    <subfield code="i">1806719</subfield>
    <subfield code="k">unrs</subfield>
    <subfield code="c">c. 1</subfield>
    <subfield code="l">DHL</subfield>
    <subfield code="z">t</subfield>
    <subfield code="m">14day</subfield>
    <subfield code="d">20110929200000</subfield>
  </datafield>
  <datafield tag="991" ind1="1" ind2=" ">
    <subfield code="a">A/66/251</subfield>
    <subfield code="b">141</subfield>
    <subfield code="c">United Nations common system.</subfield>
    <subfield code="d">PERSONNEL QUESTIONS--UN SYSTEM</subfield>
    <subfield code="z">I</subfield>
    <subfield code="0">1230862</subfield>
  </datafield>
  <datafield tag="998" ind1=" " ind2=" ">
    <subfield code="a">20110930052100</subfield>
    <subfield code="b">mlcat</subfield>
    <subfield code="c">20170420102200</subfield>
    <subfield code="d">shkcat</subfield>
  </datafield>
  <datafield tag="999" ind1=" " ind2=" ">
    <subfield code="a">shku20170411</subfield>
    <subfield code="b">20170411</subfield>
    <subfield code="c">u</subfield>
  </datafield>
  <datafield tag="999" ind1=" " ind2=" ">
    <subfield code="a">slr20111003</subfield>
    <subfield code="b">20111003</subfield>
    <subfield code="c">r</subfield>
  </datafield>
  <datafield tag="999" ind1=" " ind2=" ">
    <subfield code="a">kakc20110930</subfield>
    <subfield code="b">20110930</subfield>
    <subfield code="c">c</subfield>
  </datafield>
  <datafield tag="999" ind1=" " ind2=" ">
    <subfield code="a">mleq20110930</subfield>
    <subfield code="b">20110930</subfield>
    <subfield code="c">q</subfield>
  </datafield>
  <datafield tag="999" ind1=" " ind2=" ">
    <subfield code="a">vwt20111003</subfield>
    <subfield code="b">20111003</subfield>
    <subfield code="c">t</subfield>
  </datafield>
</record>