

    
    <record>
        <controlfield tag="001">711166</controlfield>
        <controlfield tag="000">00000nam\\2200025#a\4500</controlfield>
        <controlfield tag="005">20170412204510.0</controlfield>
        <controlfield tag="008">110926s2011\\\\usa\\\\#r\\\\\|||1|\eng\d</controlfield>
        <datafield tag="029" ind1=" " ind2=" ">
            <subfield code="a">JN</subfield>
            <subfield code="b">N1149638 E</subfield>
        </datafield>
        <datafield tag="035" ind1=" " ind2=" ">
            <subfield code="a">D0382606</subfield>
        </datafield>
        <datafield tag="035" ind1=" " ind2=" ">
            <subfield code="a">(DHL)955736</subfield>
        </datafield>
        <datafield tag="039" ind1=" " ind2=" ">
            <subfield code="a">DHU</subfield>
        </datafield>
        <datafield tag="040" ind1=" " ind2=" ">
            <subfield code="a">NNUN</subfield>
            <subfield code="b">eng</subfield>
        </datafield>
        <datafield tag="041" ind1=" " ind2=" ">
            <subfield code="a">arachiengfrerusspa</subfield>
        </datafield>
        <datafield tag="049" ind1=" " ind2=" ">
            <subfield code="a">usa</subfield>
        </datafield>
        <datafield tag="089" ind1=" " ind2=" ">
            <subfield code="b">B03</subfield>
        </datafield>
        <datafield tag="089" ind1=" " ind2=" ">
            <subfield code="b">B07</subfield>
        </datafield>
        <datafield tag="091" ind1=" " ind2=" ">
            <subfield code="a">PRO</subfield>
        </datafield>
        <datafield tag="099" ind1=" " ind2=" ">
            <subfield code="a">UNH</subfield>
            <subfield code="b">DHU</subfield>
        </datafield>
        <datafield tag="191" ind1=" " ind2=" ">
            <subfield code="0">1229108</subfield>
            <subfield code="9">X88</subfield>
            <subfield code="a">S/PV.6613</subfield>
            <subfield code="b">S/</subfield>
            <subfield code="c">66</subfield>
            <subfield code="q">SPV6613</subfield>
            <subfield code="r">S66</subfield>
        </datafield>
        <datafield tag="245" ind1="1" ind2="0">
            <subfield code="a">Security Council, 66th year :</subfield>
            <subfield code="b">6613th meeting, Wednesday, 14 September 2011, New York</subfield>
        </datafield>
        <datafield tag="260" ind1=" " ind2=" ">
            <subfield code="a">[New York] :</subfield>
            <subfield code="b">UN,</subfield>
            <subfield code="c">[2011]</subfield>
        </datafield>
        <datafield tag="269" ind1=" " ind2=" ">
            <subfield code="a">2011</subfield>
        </datafield>
        <datafield tag="300" ind1=" " ind2=" ">
            <subfield code="a">2 p.</subfield>
        </datafield>
        <datafield tag="610" ind1="2" ind2="7">
            <subfield code="0">913377</subfield>
            <subfield code="2">unbisn</subfield>
            <subfield code="a">International Tribunal for the Prosecution of Persons Responsible for Serious Violations of International Humanitarian Law Committed in the Territory of the Former Yugoslavia since 1991. Prosecutor</subfield>
        </datafield>
        <datafield tag="650" ind1="1" ind2="7">
            <subfield code="0">1284629</subfield>
            <subfield code="2">unbist</subfield>
            <subfield code="a">PROSECUTORS</subfield>
        </datafield>
        <datafield tag="650" ind1="1" ind2="7">
            <subfield code="0">1283251</subfield>
            <subfield code="2">unbist</subfield>
            <subfield code="a">APPOINTMENT OF OFFICIALS</subfield>
        </datafield>
        <datafield tag="650" ind1="2" ind2="7">
            <subfield code="0">1284125</subfield>
            <subfield code="2">unbist</subfield>
            <subfield code="a">INTERNATIONAL CRIMINAL COURTS</subfield>
        </datafield>
        <datafield tag="650" ind1="2" ind2="7">
            <subfield code="0">1284114</subfield>
            <subfield code="2">unbist</subfield>
            <subfield code="a">FORMER YUGOSLAVIA SITUATION</subfield>
        </datafield>
        <datafield tag="856" ind1="4" ind2=" ">
            <subfield code="s">85085</subfield>
            <subfield code="u">http://digitallibrary.un.org/record/711166/files/S_PV.6613-AR.pdf</subfield>
            <subfield code="y">العربية</subfield>
        </datafield>
        <datafield tag="856" ind1="4" ind2=" ">
            <subfield code="s">114521</subfield>
            <subfield code="u">http://digitallibrary.un.org/record/711166/files/S_PV.6613-ZH.pdf</subfield>
            <subfield code="y">中文</subfield>
        </datafield>
        <datafield tag="856" ind1="4" ind2=" ">
            <subfield code="s">79368</subfield>
            <subfield code="u">http://digitallibrary.un.org/record/711166/files/S_PV.6613-EN.pdf</subfield>
            <subfield code="y">English</subfield>
        </datafield>
        <datafield tag="856" ind1="4" ind2=" ">
            <subfield code="s">82865</subfield>
            <subfield code="u">http://digitallibrary.un.org/record/711166/files/S_PV.6613-FR.pdf</subfield>
            <subfield code="y">Français</subfield>
        </datafield>
        <datafield tag="856" ind1="4" ind2=" ">
            <subfield code="s">153861</subfield>
            <subfield code="u">http://digitallibrary.un.org/record/711166/files/S_PV.6613-RU.pdf</subfield>
            <subfield code="y">Русский</subfield>
        </datafield>
        <datafield tag="856" ind1="4" ind2=" ">
            <subfield code="s">126612</subfield>
            <subfield code="u">http://digitallibrary.un.org/record/711166/files/S_PV.6613-ES.pdf</subfield>
            <subfield code="y">Español</subfield>
        </datafield>
        <datafield tag="930" ind1=" " ind2=" ">
            <subfield code="a">UNDSE11</subfield>
        </datafield>
        <datafield tag="949" ind1=" " ind2=" ">
            <subfield code="9">S/PV.6613</subfield>
            <subfield code="b">1804698.1.1</subfield>
            <subfield code="c">c. 1</subfield>
            <subfield code="d">20110925200000</subfield>
            <subfield code="i">1804698</subfield>
            <subfield code="k">unas</subfield>
            <subfield code="l">DHL</subfield>
            <subfield code="m">14day</subfield>
            <subfield code="z">t</subfield>
        </datafield>
        <datafield tag="949" ind1=" " ind2=" ">
            <subfield code="9">S/PV.6613</subfield>
            <subfield code="b">1805174.1.1</subfield>
            <subfield code="c">c. 1</subfield>
            <subfield code="d">20110926200000</subfield>
            <subfield code="i">1805174</subfield>
            <subfield code="k">unrs</subfield>
            <subfield code="l">DHL</subfield>
            <subfield code="m">14day</subfield>
            <subfield code="z">t</subfield>
        </datafield>
        <datafield tag="949" ind1=" " ind2=" ">
            <subfield code="9">S/PV.6613</subfield>
            <subfield code="b">1804700.3.1</subfield>
            <subfield code="c">c. 1</subfield>
            <subfield code="d">20110925200000</subfield>
            <subfield code="i">1804700</subfield>
            <subfield code="k">unfs</subfield>
            <subfield code="l">DHL</subfield>
            <subfield code="m">14day</subfield>
            <subfield code="z">t</subfield>
        </datafield>
        <datafield tag="949" ind1=" " ind2=" ">
            <subfield code="9">S/PV.6613</subfield>
            <subfield code="b">10000000955736</subfield>
            <subfield code="c">c. 1</subfield>
            <subfield code="d">20110925200000</subfield>
            <subfield code="i">1804697</subfield>
            <subfield code="k">unes</subfield>
            <subfield code="l">DHL</subfield>
            <subfield code="m">14day</subfield>
            <subfield code="z">t</subfield>
        </datafield>
        <datafield tag="949" ind1=" " ind2=" ">
            <subfield code="9">S/PV.6613</subfield>
            <subfield code="b">1804701.4.1</subfield>
            <subfield code="c">c. 1</subfield>
            <subfield code="d">20110925200000</subfield>
            <subfield code="i">1804701</subfield>
            <subfield code="k">unss</subfield>
            <subfield code="l">DHL</subfield>
            <subfield code="m">14day</subfield>
            <subfield code="z">t</subfield>
        </datafield>
        <datafield tag="949" ind1=" " ind2=" ">
            <subfield code="9">S/PV.6613</subfield>
            <subfield code="b">1804699.2.1</subfield>
            <subfield code="c">c. 1</subfield>
            <subfield code="d">20110925200000</subfield>
            <subfield code="i">1804699</subfield>
            <subfield code="k">uncs</subfield>
            <subfield code="l">DHL</subfield>
            <subfield code="m">14day</subfield>
            <subfield code="z">t</subfield>
        </datafield>
        <datafield tag="980" ind1=" " ind2=" ">
            <subfield code="a">BIB</subfield>
        </datafield>
        <datafield tag="989" ind1=" " ind2=" ">
            <subfield code="a">Documents and Publications</subfield>
            <subfield code="b">Meeting Records</subfield>
            <subfield code="c">Verbatim Records</subfield>
        </datafield>
        <datafield tag="991" ind1="3" ind2=" ">
            <subfield code="0">1228926</subfield>
            <subfield code="a">S/66</subfield>
            <subfield code="b">[76]</subfield>
            <subfield code="d">INTERNATIONAL TRIBUNAL--FORMER YUGOSLAVIA</subfield>
            <subfield code="e">At the 6613th meeting, draft resolution S/2011/569 was adopted unanimously: resolution 2007 (2011)</subfield>
            <subfield code="z">I</subfield>
        </datafield>
        <datafield tag="991" ind1="3" ind2=" ">
            <subfield code="0">1228923</subfield>
            <subfield code="a">S/66</subfield>
            <subfield code="b">[60]</subfield>
            <subfield code="d">FORMER YUGOSLAVIA SITUATION</subfield>
            <subfield code="e">At the 6613th meeting, draft resolution S/2011/569 was adopted unanimously: resolution 2007 (2011)</subfield>
            <subfield code="z">I</subfield>
        </datafield>
        <datafield tag="992" ind1=" " ind2=" ">
            <subfield code="a">20110914</subfield>
        </datafield>
        <datafield tag="998" ind1=" " ind2=" ">
            <subfield code="a">20110926065200</subfield>
            <subfield code="b">kroy</subfield>
            <subfield code="c">20110927051900</subfield>
            <subfield code="d">kroy</subfield>
        </datafield>
        <datafield tag="999" ind1=" " ind2=" ">
            <subfield code="a">slr20110926</subfield>
            <subfield code="b">20110926</subfield>
            <subfield code="c">r</subfield>
        </datafield>
        <datafield tag="999" ind1=" " ind2=" ">
            <subfield code="a">krq20110926</subfield>
            <subfield code="b">20110926</subfield>
            <subfield code="c">q</subfield>
        </datafield>
        <datafield tag="999" ind1=" " ind2=" ">
            <subfield code="a">mhc20110926</subfield>
            <subfield code="b">20110926</subfield>
            <subfield code="c">c</subfield>
        </datafield>
        <datafield tag="999" ind1=" " ind2=" ">
            <subfield code="a">vwt20110926</subfield>
            <subfield code="b">20110926</subfield>
            <subfield code="c">t</subfield>
        </datafield>
        <datafield tag="999" ind1=" " ind2=" ">
            <subfield code="a">kri20110927</subfield>
            <subfield code="b">20110927</subfield>
            <subfield code="c">i</subfield>
        </datafield>
    </record>