

    
    <record>
        <controlfield tag="001">710079</controlfield>
        <controlfield tag="000">00000nam\\2200025#a\4500</controlfield>
        <controlfield tag="005">20170412204552.0</controlfield>
        <controlfield tag="008">110907s2011\\\\usa\\\\#r\\\\\|||1|\eng\d</controlfield>
        <datafield tag="029" ind1=" " ind2=" ">
            <subfield code="a">JN</subfield>
            <subfield code="b">N1148376 E</subfield>
        </datafield>
        <datafield tag="035" ind1=" " ind2=" ">
            <subfield code="a">D0382138</subfield>
        </datafield>
        <datafield tag="035" ind1=" " ind2=" ">
            <subfield code="a">(DHL)954497</subfield>
        </datafield>
        <datafield tag="039" ind1=" " ind2=" ">
            <subfield code="a">DHU</subfield>
        </datafield>
        <datafield tag="040" ind1=" " ind2=" ">
            <subfield code="a">NNUN</subfield>
            <subfield code="b">eng</subfield>
        </datafield>
        <datafield tag="041" ind1=" " ind2=" ">
            <subfield code="a">arachiengfrerusspa</subfield>
        </datafield>
        <datafield tag="049" ind1=" " ind2=" ">
            <subfield code="a">usa</subfield>
        </datafield>
        <datafield tag="089" ind1=" " ind2=" ">
            <subfield code="b">B03</subfield>
        </datafield>
        <datafield tag="089" ind1=" " ind2=" ">
            <subfield code="b">B07</subfield>
        </datafield>
        <datafield tag="091" ind1=" " ind2=" ">
            <subfield code="a">PRO</subfield>
        </datafield>
        <datafield tag="099" ind1=" " ind2=" ">
            <subfield code="a">UNH</subfield>
            <subfield code="b">DHU</subfield>
        </datafield>
        <datafield tag="191" ind1=" " ind2=" ">
            <subfield code="0">1229108</subfield>
            <subfield code="9">X88</subfield>
            <subfield code="a">S/PV.6605</subfield>
            <subfield code="b">S/</subfield>
            <subfield code="c">66</subfield>
            <subfield code="q">SPV6605</subfield>
            <subfield code="r">S66</subfield>
        </datafield>
        <datafield tag="245" ind1="1" ind2="0">
            <subfield code="a">Security Council, 66th year :</subfield>
            <subfield code="b">6605th meeting, Tuesday, 30 August 2011, New York</subfield>
        </datafield>
        <datafield tag="260" ind1=" " ind2=" ">
            <subfield code="a">[New York] :</subfield>
            <subfield code="b">UN,</subfield>
            <subfield code="c">[2011]</subfield>
        </datafield>
        <datafield tag="269" ind1=" " ind2=" ">
            <subfield code="a">2011</subfield>
        </datafield>
        <datafield tag="300" ind1=" " ind2=" ">
            <subfield code="a">4 p.</subfield>
        </datafield>
        <datafield tag="610" ind1="2" ind2="7">
            <subfield code="0">865266</subfield>
            <subfield code="2">unbisn</subfield>
            <subfield code="a">UN Interim Force in Lebanon</subfield>
        </datafield>
        <datafield tag="650" ind1="1" ind2="7">
            <subfield code="0">1277954</subfield>
            <subfield code="2">unbist</subfield>
            <subfield code="a">PEACEKEEPING OPERATIONS</subfield>
        </datafield>
        <datafield tag="650" ind1="1" ind2="7">
            <subfield code="0">1277830</subfield>
            <subfield code="2">unbist</subfield>
            <subfield code="a">INTERNAL SECURITY</subfield>
        </datafield>
        <datafield tag="651" ind1="1" ind2="7">
            <subfield code="0">1282264</subfield>
            <subfield code="2">unbist</subfield>
            <subfield code="a">LEBANON</subfield>
        </datafield>
        <datafield tag="651" ind1="1" ind2="7">
            <subfield code="0">1282239</subfield>
            <subfield code="2">unbist</subfield>
            <subfield code="a">ISRAEL</subfield>
        </datafield>
        <datafield tag="856" ind1="4" ind2=" ">
            <subfield code="s">129727</subfield>
            <subfield code="u">http://digitallibrary.un.org/record/710079/files/S_PV.6605-AR.pdf</subfield>
            <subfield code="y">العربية</subfield>
        </datafield>
        <datafield tag="856" ind1="4" ind2=" ">
            <subfield code="s">188094</subfield>
            <subfield code="u">http://digitallibrary.un.org/record/710079/files/S_PV.6605-ZH.pdf</subfield>
            <subfield code="y">中文</subfield>
        </datafield>
        <datafield tag="856" ind1="4" ind2=" ">
            <subfield code="s">92668</subfield>
            <subfield code="u">http://digitallibrary.un.org/record/710079/files/S_PV.6605-EN.pdf</subfield>
            <subfield code="y">English</subfield>
        </datafield>
        <datafield tag="856" ind1="4" ind2=" ">
            <subfield code="s">102468</subfield>
            <subfield code="u">http://digitallibrary.un.org/record/710079/files/S_PV.6605-FR.pdf</subfield>
            <subfield code="y">Français</subfield>
        </datafield>
        <datafield tag="856" ind1="4" ind2=" ">
            <subfield code="s">195931</subfield>
            <subfield code="u">http://digitallibrary.un.org/record/710079/files/S_PV.6605-RU.pdf</subfield>
            <subfield code="y">Русский</subfield>
        </datafield>
        <datafield tag="856" ind1="4" ind2=" ">
            <subfield code="s">142260</subfield>
            <subfield code="u">http://digitallibrary.un.org/record/710079/files/S_PV.6605-ES.pdf</subfield>
            <subfield code="y">Español</subfield>
        </datafield>
        <datafield tag="930" ind1=" " ind2=" ">
            <subfield code="a">UNDSE11</subfield>
        </datafield>
        <datafield tag="949" ind1=" " ind2=" ">
            <subfield code="9">S/PV.6605</subfield>
            <subfield code="b">1801626.1.1</subfield>
            <subfield code="c">c. 1</subfield>
            <subfield code="d">20110913200000</subfield>
            <subfield code="i">1801626</subfield>
            <subfield code="k">uncs</subfield>
            <subfield code="l">DHL</subfield>
            <subfield code="m">14day</subfield>
            <subfield code="z">t</subfield>
        </datafield>
        <datafield tag="949" ind1=" " ind2=" ">
            <subfield code="9">S/PV.6605</subfield>
            <subfield code="b">1799265.2.1</subfield>
            <subfield code="c">c. 1</subfield>
            <subfield code="d">20110906200000</subfield>
            <subfield code="i">1799265</subfield>
            <subfield code="k">unss</subfield>
            <subfield code="l">DHL</subfield>
            <subfield code="m">14day</subfield>
            <subfield code="z">t</subfield>
        </datafield>
        <datafield tag="949" ind1=" " ind2=" ">
            <subfield code="9">S/PV.6605</subfield>
            <subfield code="b">1801628.3.1</subfield>
            <subfield code="c">c. 1</subfield>
            <subfield code="d">20110913200000</subfield>
            <subfield code="i">1801628</subfield>
            <subfield code="k">unrs</subfield>
            <subfield code="l">DHL</subfield>
            <subfield code="m">14day</subfield>
            <subfield code="z">t</subfield>
        </datafield>
        <datafield tag="949" ind1=" " ind2=" ">
            <subfield code="9">S/PV.6605</subfield>
            <subfield code="b">10000000954497</subfield>
            <subfield code="c">c. 1</subfield>
            <subfield code="d">20110906200000</subfield>
            <subfield code="i">1799263</subfield>
            <subfield code="k">unes</subfield>
            <subfield code="l">DHL</subfield>
            <subfield code="m">14day</subfield>
            <subfield code="z">t</subfield>
        </datafield>
        <datafield tag="949" ind1=" " ind2=" ">
            <subfield code="9">S/PV.6605</subfield>
            <subfield code="b">1801627.2.1</subfield>
            <subfield code="c">c. 1</subfield>
            <subfield code="d">20110913200000</subfield>
            <subfield code="i">1801627</subfield>
            <subfield code="k">unfs</subfield>
            <subfield code="l">DHL</subfield>
            <subfield code="m">14day</subfield>
            <subfield code="z">t</subfield>
        </datafield>
        <datafield tag="949" ind1=" " ind2=" ">
            <subfield code="9">S/PV.6605</subfield>
            <subfield code="b">1799264.1.1</subfield>
            <subfield code="c">c. 1</subfield>
            <subfield code="d">20110906200000</subfield>
            <subfield code="i">1799264</subfield>
            <subfield code="k">unas</subfield>
            <subfield code="l">DHL</subfield>
            <subfield code="m">14day</subfield>
            <subfield code="z">t</subfield>
        </datafield>
        <datafield tag="980" ind1=" " ind2=" ">
            <subfield code="a">BIB</subfield>
        </datafield>
        <datafield tag="989" ind1=" " ind2=" ">
            <subfield code="a">Documents and Publications</subfield>
            <subfield code="b">Meeting Records</subfield>
            <subfield code="c">Verbatim Records</subfield>
        </datafield>
        <datafield tag="991" ind1="3" ind2=" ">
            <subfield code="0">1228919</subfield>
            <subfield code="a">S/66</subfield>
            <subfield code="b">[54]</subfield>
            <subfield code="d">MIDDLE EAST SITUATION</subfield>
            <subfield code="e">At the 6605th meeting, draft resolution S/2011/545 was adopted unanimously: resolution 2004 (2011)</subfield>
            <subfield code="z">I</subfield>
        </datafield>
        <datafield tag="991" ind1="3" ind2=" ">
            <subfield code="0">1228922</subfield>
            <subfield code="a">S/66</subfield>
            <subfield code="b">[57]</subfield>
            <subfield code="d">UN INTERIM FORCE IN LEBANON</subfield>
            <subfield code="e">At the 6605th meeting, draft resolution S/2011/545 was adopted unanimously: resolution 2004 (2011)</subfield>
            <subfield code="z">I</subfield>
        </datafield>
        <datafield tag="991" ind1="3" ind2=" ">
            <subfield code="0">1228919</subfield>
            <subfield code="a">S/66</subfield>
            <subfield code="b">[54]</subfield>
            <subfield code="d">MIDDLE EAST SITUATION</subfield>
            <subfield code="e">Participation by non-Council members (without right to vote): Israel, Italy and Spain</subfield>
            <subfield code="f">X27</subfield>
            <subfield code="z">I</subfield>
        </datafield>
        <datafield tag="991" ind1="3" ind2=" ">
            <subfield code="0">1228922</subfield>
            <subfield code="a">S/66</subfield>
            <subfield code="b">[57]</subfield>
            <subfield code="d">UN INTERIM FORCE IN LEBANON</subfield>
            <subfield code="e">Participation by non-Council members (without right to vote): Israel, Italy and Spain</subfield>
            <subfield code="f">X27</subfield>
            <subfield code="z">I</subfield>
        </datafield>
        <datafield tag="991" ind1="3" ind2=" ">
            <subfield code="0">1250497</subfield>
            <subfield code="a">S/66</subfield>
            <subfield code="b">[52]</subfield>
            <subfield code="d">ISRAEL--LEBANON</subfield>
            <subfield code="e">At the 6605th meeting, draft resolution S/2011/545 was adopted unanimously: resolution 2004 (2011)</subfield>
            <subfield code="z">I</subfield>
        </datafield>
        <datafield tag="991" ind1="3" ind2=" ">
            <subfield code="0">1250497</subfield>
            <subfield code="a">S/66</subfield>
            <subfield code="b">[52]</subfield>
            <subfield code="d">ISRAEL--LEBANON</subfield>
            <subfield code="e">Participation by non-Council members (without right to vote): Israel, Italy and Spain</subfield>
            <subfield code="f">X27</subfield>
            <subfield code="z">I</subfield>
        </datafield>
        <datafield tag="992" ind1=" " ind2=" ">
            <subfield code="a">20110830</subfield>
        </datafield>
        <datafield tag="998" ind1=" " ind2=" ">
            <subfield code="a">20110907050700</subfield>
            <subfield code="b">pnser</subfield>
            <subfield code="c">20160728064800</subfield>
            <subfield code="d">shkcat</subfield>
        </datafield>
        <datafield tag="999" ind1=" " ind2=" ">
            <subfield code="a">jmr20110907</subfield>
            <subfield code="b">20110907</subfield>
            <subfield code="c">r</subfield>
        </datafield>
        <datafield tag="999" ind1=" " ind2=" ">
            <subfield code="a">pnq20110907</subfield>
            <subfield code="b">20110907</subfield>
            <subfield code="c">q</subfield>
        </datafield>
        <datafield tag="999" ind1=" " ind2=" ">
            <subfield code="a">mhc20110907</subfield>
            <subfield code="b">20110907</subfield>
            <subfield code="c">c</subfield>
        </datafield>
        <datafield tag="999" ind1=" " ind2=" ">
            <subfield code="a">kri20110914</subfield>
            <subfield code="b">20110914</subfield>
            <subfield code="c">i</subfield>
        </datafield>
        <datafield tag="999" ind1=" " ind2=" ">
            <subfield code="a">vwt20110920</subfield>
            <subfield code="b">20110920</subfield>
            <subfield code="c">t</subfield>
        </datafield>
        <datafield tag="999" ind1=" " ind2=" ">
            <subfield code="a">vwu20130802</subfield>
            <subfield code="b">20130802</subfield>
            <subfield code="c">u</subfield>
        </datafield>
    </record>