

    
    <record>
        <controlfield tag="001">708170</controlfield>
        <controlfield tag="000">00000nam\\2200025#a\4500</controlfield>
        <controlfield tag="005">20170412204520.0</controlfield>
        <controlfield tag="008">110803s2011\\\\usa\\\\#r\\\\\|||1|\eng\d</controlfield>
        <datafield tag="029" ind1=" " ind2=" ">
            <subfield code="a">JN</subfield>
            <subfield code="b">N1143731 E</subfield>
        </datafield>
        <datafield tag="035" ind1=" " ind2=" ">
            <subfield code="a">D0381528</subfield>
        </datafield>
        <datafield tag="035" ind1=" " ind2=" ">
            <subfield code="a">(DHL)952314</subfield>
        </datafield>
        <datafield tag="039" ind1=" " ind2=" ">
            <subfield code="a">DHU</subfield>
        </datafield>
        <datafield tag="040" ind1=" " ind2=" ">
            <subfield code="a">NNUN</subfield>
            <subfield code="b">eng</subfield>
        </datafield>
        <datafield tag="041" ind1=" " ind2=" ">
            <subfield code="a">arachiengfrerusspa</subfield>
        </datafield>
        <datafield tag="049" ind1=" " ind2=" ">
            <subfield code="a">usa</subfield>
        </datafield>
        <datafield tag="089" ind1=" " ind2=" ">
            <subfield code="b">B03</subfield>
        </datafield>
        <datafield tag="089" ind1=" " ind2=" ">
            <subfield code="b">B07</subfield>
        </datafield>
        <datafield tag="091" ind1=" " ind2=" ">
            <subfield code="a">PRO</subfield>
        </datafield>
        <datafield tag="099" ind1=" " ind2=" ">
            <subfield code="a">UNH</subfield>
            <subfield code="b">DHU</subfield>
        </datafield>
        <datafield tag="191" ind1=" " ind2=" ">
            <subfield code="0">1229108</subfield>
            <subfield code="9">X88</subfield>
            <subfield code="a">S/PV.6596</subfield>
            <subfield code="b">S/</subfield>
            <subfield code="c">66</subfield>
            <subfield code="q">SPV6596</subfield>
            <subfield code="r">S66</subfield>
        </datafield>
        <datafield tag="245" ind1="1" ind2="0">
            <subfield code="a">Security Council, 66th year :</subfield>
            <subfield code="b">6596th meeting, Friday, 29 July 2011, New York</subfield>
        </datafield>
        <datafield tag="260" ind1=" " ind2=" ">
            <subfield code="a">[New York] :</subfield>
            <subfield code="b">UN,</subfield>
            <subfield code="c">[2011]</subfield>
        </datafield>
        <datafield tag="269" ind1=" " ind2=" ">
            <subfield code="a">2011</subfield>
        </datafield>
        <datafield tag="300" ind1=" " ind2=" ">
            <subfield code="a">2 p.</subfield>
        </datafield>
        <datafield tag="650" ind1="1" ind2="7">
            <subfield code="0">1277830</subfield>
            <subfield code="2">unbist</subfield>
            <subfield code="a">INTERNAL SECURITY</subfield>
        </datafield>
        <datafield tag="650" ind1="1" ind2="7">
            <subfield code="0">1283326</subfield>
            <subfield code="2">unbist</subfield>
            <subfield code="a">PIRACY</subfield>
        </datafield>
        <datafield tag="650" ind1="1" ind2="1">
            <subfield code="0">1277945</subfield>
            <subfield code="2">unbist</subfield>
            <subfield code="a">ARMS EMBARGO</subfield>
        </datafield>
        <datafield tag="650" ind1="1" ind2="7">
            <subfield code="0">1277955</subfield>
            <subfield code="2">unbist</subfield>
            <subfield code="a">SANCTIONS</subfield>
        </datafield>
        <datafield tag="651" ind1="1" ind2="7">
            <subfield code="0">1282119</subfield>
            <subfield code="2">unbist</subfield>
            <subfield code="a">SOMALIA</subfield>
        </datafield>
        <datafield tag="651" ind1="1" ind2="7">
            <subfield code="0">1284107</subfield>
            <subfield code="2">unbist</subfield>
            <subfield code="a">ERITREA</subfield>
        </datafield>
        <datafield tag="856" ind1="4" ind2=" ">
            <subfield code="s">87732</subfield>
            <subfield code="u">http://digitallibrary.un.org/record/708170/files/S_PV.6596-AR.pdf</subfield>
            <subfield code="y">العربية</subfield>
        </datafield>
        <datafield tag="856" ind1="4" ind2=" ">
            <subfield code="s">128682</subfield>
            <subfield code="u">http://digitallibrary.un.org/record/708170/files/S_PV.6596-ZH.pdf</subfield>
            <subfield code="y">中文</subfield>
        </datafield>
        <datafield tag="856" ind1="4" ind2=" ">
            <subfield code="s">80092</subfield>
            <subfield code="u">http://digitallibrary.un.org/record/708170/files/S_PV.6596-EN.pdf</subfield>
            <subfield code="y">English</subfield>
        </datafield>
        <datafield tag="856" ind1="4" ind2=" ">
            <subfield code="s">83379</subfield>
            <subfield code="u">http://digitallibrary.un.org/record/708170/files/S_PV.6596-FR.pdf</subfield>
            <subfield code="y">Français</subfield>
        </datafield>
        <datafield tag="856" ind1="4" ind2=" ">
            <subfield code="s">153515</subfield>
            <subfield code="u">http://digitallibrary.un.org/record/708170/files/S_PV.6596-RU.pdf</subfield>
            <subfield code="y">Русский</subfield>
        </datafield>
        <datafield tag="856" ind1="4" ind2=" ">
            <subfield code="s">124742</subfield>
            <subfield code="u">http://digitallibrary.un.org/record/708170/files/S_PV.6596-ES.pdf</subfield>
            <subfield code="y">Español</subfield>
        </datafield>
        <datafield tag="930" ind1=" " ind2=" ">
            <subfield code="a">UNDAU11</subfield>
        </datafield>
        <datafield tag="949" ind1=" " ind2=" ">
            <subfield code="9">S/PV.6596</subfield>
            <subfield code="b">1792826.2.1</subfield>
            <subfield code="c">c. 1</subfield>
            <subfield code="d">20110802200000</subfield>
            <subfield code="i">1792826</subfield>
            <subfield code="k">uncs</subfield>
            <subfield code="l">DHL</subfield>
            <subfield code="m">14day</subfield>
            <subfield code="z">t</subfield>
        </datafield>
        <datafield tag="949" ind1=" " ind2=" ">
            <subfield code="9">S/PV.6596</subfield>
            <subfield code="b">1792825.1.1</subfield>
            <subfield code="c">c. 1</subfield>
            <subfield code="d">20110802200000</subfield>
            <subfield code="i">1792825</subfield>
            <subfield code="k">unas</subfield>
            <subfield code="l">DHL</subfield>
            <subfield code="m">14day</subfield>
            <subfield code="z">t</subfield>
        </datafield>
        <datafield tag="949" ind1=" " ind2=" ">
            <subfield code="9">S/PV.6596</subfield>
            <subfield code="b">1792828.4.1</subfield>
            <subfield code="c">c. 1</subfield>
            <subfield code="d">20110802200000</subfield>
            <subfield code="i">1792828</subfield>
            <subfield code="k">unrs</subfield>
            <subfield code="l">DHL</subfield>
            <subfield code="m">14day</subfield>
            <subfield code="z">t</subfield>
        </datafield>
        <datafield tag="949" ind1=" " ind2=" ">
            <subfield code="9">S/PV.6596</subfield>
            <subfield code="b">1792827.3.1</subfield>
            <subfield code="c">c. 1</subfield>
            <subfield code="d">20110802200000</subfield>
            <subfield code="i">1792827</subfield>
            <subfield code="k">unfs</subfield>
            <subfield code="l">DHL</subfield>
            <subfield code="m">14day</subfield>
            <subfield code="z">t</subfield>
        </datafield>
        <datafield tag="949" ind1=" " ind2=" ">
            <subfield code="9">S/PV.6596</subfield>
            <subfield code="b">10000000952314</subfield>
            <subfield code="c">c. 1</subfield>
            <subfield code="d">20110802200000</subfield>
            <subfield code="i">1792824</subfield>
            <subfield code="k">unes</subfield>
            <subfield code="l">DHL</subfield>
            <subfield code="m">14day</subfield>
            <subfield code="z">t</subfield>
        </datafield>
        <datafield tag="949" ind1=" " ind2=" ">
            <subfield code="9">S/PV.6596</subfield>
            <subfield code="b">1792829.5.1</subfield>
            <subfield code="c">c. 1</subfield>
            <subfield code="d">20110802200000</subfield>
            <subfield code="i">1792829</subfield>
            <subfield code="k">unss</subfield>
            <subfield code="l">DHL</subfield>
            <subfield code="m">14day</subfield>
            <subfield code="z">t</subfield>
        </datafield>
        <datafield tag="980" ind1=" " ind2=" ">
            <subfield code="a">BIB</subfield>
        </datafield>
        <datafield tag="989" ind1=" " ind2=" ">
            <subfield code="a">Documents and Publications</subfield>
            <subfield code="b">Meeting Records</subfield>
            <subfield code="c">Verbatim Records</subfield>
        </datafield>
        <datafield tag="991" ind1="3" ind2=" ">
            <subfield code="0">1228930</subfield>
            <subfield code="a">S/66</subfield>
            <subfield code="b">[84]</subfield>
            <subfield code="d">SOMALIA SITUATION</subfield>
            <subfield code="e">At the 6596th meeting, draft resolution S/2011/470 was adopted unanimously: resolution 2002 (2011)</subfield>
            <subfield code="z">I</subfield>
        </datafield>
        <datafield tag="991" ind1="3" ind2=" ">
            <subfield code="0">1233601</subfield>
            <subfield code="a">S/66</subfield>
            <subfield code="b">[151]</subfield>
            <subfield code="d">ERITREA--POLITICAL CONDITIONS</subfield>
            <subfield code="e">At the 6596th meeting, draft resolution S/2011/470 was adopted unanimously: resolution 2002 (2011)</subfield>
            <subfield code="z">I</subfield>
        </datafield>
        <datafield tag="991" ind1="3" ind2=" ">
            <subfield code="0">1228844</subfield>
            <subfield code="a">S/66</subfield>
            <subfield code="b">[100]</subfield>
            <subfield code="d">AFRICA--REGIONAL SECURITY</subfield>
            <subfield code="e">At the 6596th meeting, draft resolution S/2011/470 was adopted unanimously: resolution 2002 (2011)</subfield>
            <subfield code="z">I</subfield>
        </datafield>
        <datafield tag="992" ind1=" " ind2=" ">
            <subfield code="a">20110729</subfield>
        </datafield>
        <datafield tag="998" ind1=" " ind2=" ">
            <subfield code="a">20110803050400</subfield>
            <subfield code="b">pnser</subfield>
            <subfield code="c">20110803095200</subfield>
            <subfield code="d">slcat</subfield>
        </datafield>
        <datafield tag="999" ind1=" " ind2=" ">
            <subfield code="a">pnq20110803</subfield>
            <subfield code="b">20110803</subfield>
            <subfield code="c">q</subfield>
        </datafield>
        <datafield tag="999" ind1=" " ind2=" ">
            <subfield code="a">slr20110803</subfield>
            <subfield code="b">20110803</subfield>
            <subfield code="c">r</subfield>
        </datafield>
        <datafield tag="999" ind1=" " ind2=" ">
            <subfield code="a">mhc20110803</subfield>
            <subfield code="b">20110803</subfield>
            <subfield code="c">c</subfield>
        </datafield>
        <datafield tag="999" ind1=" " ind2=" ">
            <subfield code="a">vwt20110803</subfield>
            <subfield code="b">20110803</subfield>
            <subfield code="c">t</subfield>
        </datafield>
    </record>