

    
    <record>
        <controlfield tag="001">708092</controlfield>
        <controlfield tag="000">00000nam\\2200025#a\4500</controlfield>
        <controlfield tag="005">20170412204417.0</controlfield>
        <controlfield tag="008">110802s2011\\\\usa\\\\#r\\\\\|||1|\eng\d</controlfield>
        <datafield tag="029" ind1=" " ind2=" ">
            <subfield code="a">JN</subfield>
            <subfield code="b">N1143493 E</subfield>
        </datafield>
        <datafield tag="035" ind1=" " ind2=" ">
            <subfield code="a">D0381499</subfield>
        </datafield>
        <datafield tag="035" ind1=" " ind2=" ">
            <subfield code="a">(DHL)952224</subfield>
        </datafield>
        <datafield tag="039" ind1=" " ind2=" ">
            <subfield code="a">DHU</subfield>
        </datafield>
        <datafield tag="040" ind1=" " ind2=" ">
            <subfield code="a">NNUN</subfield>
            <subfield code="b">eng</subfield>
        </datafield>
        <datafield tag="041" ind1=" " ind2=" ">
            <subfield code="a">arachiengfrerusspa</subfield>
        </datafield>
        <datafield tag="049" ind1=" " ind2=" ">
            <subfield code="a">usa</subfield>
        </datafield>
        <datafield tag="089" ind1=" " ind2=" ">
            <subfield code="b">B03</subfield>
        </datafield>
        <datafield tag="089" ind1=" " ind2=" ">
            <subfield code="b">B07</subfield>
        </datafield>
        <datafield tag="091" ind1=" " ind2=" ">
            <subfield code="a">PRO</subfield>
        </datafield>
        <datafield tag="099" ind1=" " ind2=" ">
            <subfield code="a">UNH</subfield>
            <subfield code="b">DHU</subfield>
        </datafield>
        <datafield tag="191" ind1=" " ind2=" ">
            <subfield code="0">1229108</subfield>
            <subfield code="9">X88</subfield>
            <subfield code="a">S/PV.6594</subfield>
            <subfield code="b">S/</subfield>
            <subfield code="c">66</subfield>
            <subfield code="q">SPV6594</subfield>
            <subfield code="r">S66</subfield>
        </datafield>
        <datafield tag="245" ind1="1" ind2="0">
            <subfield code="a">Security Council, 66th year :</subfield>
            <subfield code="b">6594th meeting, Thursday, 28 July 2011, New York</subfield>
        </datafield>
        <datafield tag="260" ind1=" " ind2=" ">
            <subfield code="a">[New York] :</subfield>
            <subfield code="b">UN,</subfield>
            <subfield code="c">[2011]</subfield>
        </datafield>
        <datafield tag="269" ind1=" " ind2=" ">
            <subfield code="a">2011</subfield>
        </datafield>
        <datafield tag="300" ind1=" " ind2=" ">
            <subfield code="a">2 p.</subfield>
        </datafield>
        <datafield tag="610" ind1="2" ind2="7">
            <subfield code="0">1136114</subfield>
            <subfield code="2">unbisn</subfield>
            <subfield code="a">UN Assistance Mission for Iraq</subfield>
        </datafield>
        <datafield tag="650" ind1="1" ind2="7">
            <subfield code="0">1284536</subfield>
            <subfield code="2">unbist</subfield>
            <subfield code="a">POST-CONFLICT RECONSTRUCTION</subfield>
        </datafield>
        <datafield tag="650" ind1="1" ind2="7">
            <subfield code="0">1284922</subfield>
            <subfield code="2">unbist</subfield>
            <subfield code="a">IRAQ SITUATION</subfield>
        </datafield>
        <datafield tag="651" ind1="1" ind2="7">
            <subfield code="0">1282261</subfield>
            <subfield code="2">unbist</subfield>
            <subfield code="a">IRAQ</subfield>
        </datafield>
        <datafield tag="856" ind1="4" ind2=" ">
            <subfield code="s">84275</subfield>
            <subfield code="u">http://digitallibrary.un.org/record/708092/files/S_PV.6594-AR.pdf</subfield>
            <subfield code="y">العربية</subfield>
        </datafield>
        <datafield tag="856" ind1="4" ind2=" ">
            <subfield code="s">127652</subfield>
            <subfield code="u">http://digitallibrary.un.org/record/708092/files/S_PV.6594-ZH.pdf</subfield>
            <subfield code="y">中文</subfield>
        </datafield>
        <datafield tag="856" ind1="4" ind2=" ">
            <subfield code="s">79795</subfield>
            <subfield code="u">http://digitallibrary.un.org/record/708092/files/S_PV.6594-EN.pdf</subfield>
            <subfield code="y">English</subfield>
        </datafield>
        <datafield tag="856" ind1="4" ind2=" ">
            <subfield code="s">83446</subfield>
            <subfield code="u">http://digitallibrary.un.org/record/708092/files/S_PV.6594-FR.pdf</subfield>
            <subfield code="y">Français</subfield>
        </datafield>
        <datafield tag="856" ind1="4" ind2=" ">
            <subfield code="s">154597</subfield>
            <subfield code="u">http://digitallibrary.un.org/record/708092/files/S_PV.6594-RU.pdf</subfield>
            <subfield code="y">Русский</subfield>
        </datafield>
        <datafield tag="856" ind1="4" ind2=" ">
            <subfield code="s">124678</subfield>
            <subfield code="u">http://digitallibrary.un.org/record/708092/files/S_PV.6594-ES.pdf</subfield>
            <subfield code="y">Español</subfield>
        </datafield>
        <datafield tag="930" ind1=" " ind2=" ">
            <subfield code="a">UNDAU11</subfield>
        </datafield>
        <datafield tag="949" ind1=" " ind2=" ">
            <subfield code="9">S/PV.6594</subfield>
            <subfield code="b">1792467.2.1</subfield>
            <subfield code="c">c. 1</subfield>
            <subfield code="d">20110801200000</subfield>
            <subfield code="i">1792467</subfield>
            <subfield code="k">uncs</subfield>
            <subfield code="l">DHL</subfield>
            <subfield code="m">14day</subfield>
            <subfield code="z">t</subfield>
        </datafield>
        <datafield tag="949" ind1=" " ind2=" ">
            <subfield code="9">S/PV.6594</subfield>
            <subfield code="b">1792470.5.1</subfield>
            <subfield code="c">c. 1</subfield>
            <subfield code="d">20110801200000</subfield>
            <subfield code="i">1792470</subfield>
            <subfield code="k">unss</subfield>
            <subfield code="l">DHL</subfield>
            <subfield code="m">14day</subfield>
            <subfield code="z">t</subfield>
        </datafield>
        <datafield tag="949" ind1=" " ind2=" ">
            <subfield code="9">S/PV.6594</subfield>
            <subfield code="b">1792466.1.1</subfield>
            <subfield code="c">c. 1</subfield>
            <subfield code="d">20110801200000</subfield>
            <subfield code="i">1792466</subfield>
            <subfield code="k">unas</subfield>
            <subfield code="l">DHL</subfield>
            <subfield code="m">14day</subfield>
            <subfield code="z">t</subfield>
        </datafield>
        <datafield tag="949" ind1=" " ind2=" ">
            <subfield code="9">S/PV.6594</subfield>
            <subfield code="b">1792469.4.1</subfield>
            <subfield code="c">c. 1</subfield>
            <subfield code="d">20110801200000</subfield>
            <subfield code="i">1792469</subfield>
            <subfield code="k">unrs</subfield>
            <subfield code="l">DHL</subfield>
            <subfield code="m">14day</subfield>
            <subfield code="z">t</subfield>
        </datafield>
        <datafield tag="949" ind1=" " ind2=" ">
            <subfield code="9">S/PV.6594</subfield>
            <subfield code="b">1792468.3.1</subfield>
            <subfield code="c">c. 1</subfield>
            <subfield code="d">20110801200000</subfield>
            <subfield code="i">1792468</subfield>
            <subfield code="k">unfs</subfield>
            <subfield code="l">DHL</subfield>
            <subfield code="m">14day</subfield>
            <subfield code="z">t</subfield>
        </datafield>
        <datafield tag="949" ind1=" " ind2=" ">
            <subfield code="9">S/PV.6594</subfield>
            <subfield code="b">10000000952224</subfield>
            <subfield code="c">c. 1</subfield>
            <subfield code="d">20110801200000</subfield>
            <subfield code="i">1792465</subfield>
            <subfield code="k">unes</subfield>
            <subfield code="l">DHL</subfield>
            <subfield code="m">14day</subfield>
            <subfield code="z">t</subfield>
        </datafield>
        <datafield tag="980" ind1=" " ind2=" ">
            <subfield code="a">BIB</subfield>
        </datafield>
        <datafield tag="989" ind1=" " ind2=" ">
            <subfield code="a">Documents and Publications</subfield>
            <subfield code="b">Meeting Records</subfield>
            <subfield code="c">Verbatim Records</subfield>
        </datafield>
        <datafield tag="991" ind1="3" ind2=" ">
            <subfield code="0">1228852</subfield>
            <subfield code="a">S/66</subfield>
            <subfield code="b">[124]</subfield>
            <subfield code="d">UN ASSISTANCE MISSION FOR IRAQ</subfield>
            <subfield code="e">Participation by non-Council members (without right to vote): Iraq</subfield>
            <subfield code="f">X27</subfield>
            <subfield code="z">I</subfield>
        </datafield>
        <datafield tag="991" ind1="3" ind2=" ">
            <subfield code="0">1228851</subfield>
            <subfield code="a">S/66</subfield>
            <subfield code="b">[119]</subfield>
            <subfield code="d">IRAQ SITUATION</subfield>
            <subfield code="e">Participation by non-Council members (without right to vote): Iraq</subfield>
            <subfield code="f">X27</subfield>
            <subfield code="z">I</subfield>
        </datafield>
        <datafield tag="991" ind1="3" ind2=" ">
            <subfield code="0">1228852</subfield>
            <subfield code="a">S/66</subfield>
            <subfield code="b">[124]</subfield>
            <subfield code="d">UN ASSISTANCE MISSION FOR IRAQ</subfield>
            <subfield code="e">At the 6594th meeting, draft resolution S/2011/465 was adopted unanimously: resolution 2001 (2011)</subfield>
            <subfield code="z">I</subfield>
        </datafield>
        <datafield tag="991" ind1="3" ind2=" ">
            <subfield code="0">1228851</subfield>
            <subfield code="a">S/66</subfield>
            <subfield code="b">[119]</subfield>
            <subfield code="d">IRAQ SITUATION</subfield>
            <subfield code="e">At the 6594th meeting, draft resolution S/2011/465 was adopted unanimously: resolution 2001 (2011)</subfield>
            <subfield code="z">I</subfield>
        </datafield>
        <datafield tag="992" ind1=" " ind2=" ">
            <subfield code="a">20110728</subfield>
        </datafield>
        <datafield tag="998" ind1=" " ind2=" ">
            <subfield code="a">20110802053500</subfield>
            <subfield code="b">pnser</subfield>
            <subfield code="c">20110803091500</subfield>
            <subfield code="d">vwcat2</subfield>
        </datafield>
        <datafield tag="999" ind1=" " ind2=" ">
            <subfield code="a">jmc20110802</subfield>
            <subfield code="b">20110802</subfield>
            <subfield code="c">c</subfield>
        </datafield>
        <datafield tag="999" ind1=" " ind2=" ">
            <subfield code="a">slr20110802</subfield>
            <subfield code="b">20110802</subfield>
            <subfield code="c">r</subfield>
        </datafield>
        <datafield tag="999" ind1=" " ind2=" ">
            <subfield code="a">pnq20110802</subfield>
            <subfield code="b">20110802</subfield>
            <subfield code="c">q</subfield>
        </datafield>
        <datafield tag="999" ind1=" " ind2=" ">
            <subfield code="a">vwt20110803</subfield>
            <subfield code="b">20110803</subfield>
            <subfield code="c">t</subfield>
        </datafield>
    </record>