

    
    <record>
        <controlfield tag="001">706964</controlfield>
        <controlfield tag="000">00000nam\\2200025#a\4500</controlfield>
        <controlfield tag="005">20170412204421.0</controlfield>
        <controlfield tag="008">110715s2011\\\\usa\\\\#r\\\\\|||1|\eng\d</controlfield>
        <datafield tag="029" ind1=" " ind2=" ">
            <subfield code="a">JN</subfield>
            <subfield code="b">N1141067 E</subfield>
        </datafield>
        <datafield tag="035" ind1=" " ind2=" ">
            <subfield code="a">D0381170</subfield>
        </datafield>
        <datafield tag="035" ind1=" " ind2=" ">
            <subfield code="a">(DHL)950963</subfield>
        </datafield>
        <datafield tag="039" ind1=" " ind2=" ">
            <subfield code="a">DHU</subfield>
        </datafield>
        <datafield tag="040" ind1=" " ind2=" ">
            <subfield code="a">NNUN</subfield>
            <subfield code="b">eng</subfield>
        </datafield>
        <datafield tag="041" ind1=" " ind2=" ">
            <subfield code="a">arachiengfrerusspa</subfield>
        </datafield>
        <datafield tag="049" ind1=" " ind2=" ">
            <subfield code="a">usa</subfield>
        </datafield>
        <datafield tag="089" ind1=" " ind2=" ">
            <subfield code="b">B03</subfield>
        </datafield>
        <datafield tag="089" ind1=" " ind2=" ">
            <subfield code="b">B07</subfield>
        </datafield>
        <datafield tag="091" ind1=" " ind2=" ">
            <subfield code="a">PRO</subfield>
        </datafield>
        <datafield tag="099" ind1=" " ind2=" ">
            <subfield code="a">UNH</subfield>
            <subfield code="b">DHU</subfield>
        </datafield>
        <datafield tag="191" ind1=" " ind2=" ">
            <subfield code="0">1229108</subfield>
            <subfield code="9">X88</subfield>
            <subfield code="a">S/PV.6581</subfield>
            <subfield code="b">S/</subfield>
            <subfield code="c">66</subfield>
            <subfield code="q">SPV6581</subfield>
            <subfield code="r">S66</subfield>
        </datafield>
        <datafield tag="245" ind1="1" ind2="0">
            <subfield code="a">Security Council, 66th year :</subfield>
            <subfield code="b">6581st meeting, Tuesday, 12 July 2011, New York</subfield>
        </datafield>
        <datafield tag="260" ind1=" " ind2=" ">
            <subfield code="a">[New York] :</subfield>
            <subfield code="b">UN,</subfield>
            <subfield code="c">[2011]</subfield>
        </datafield>
        <datafield tag="269" ind1=" " ind2=" ">
            <subfield code="a">2011</subfield>
        </datafield>
        <datafield tag="300" ind1=" " ind2=" ">
            <subfield code="a">33 p.</subfield>
        </datafield>
        <datafield tag="610" ind1="2" ind2="7">
            <subfield code="0">1167742</subfield>
            <subfield code="2">unbisn</subfield>
            <subfield code="a">UN. Security Council. Working Group on Children and Armed Conflict</subfield>
        </datafield>
        <datafield tag="610" ind1="2" ind2="7">
            <subfield code="0">1036984</subfield>
            <subfield code="2">unbisn</subfield>
            <subfield code="a">UN. Special Representative of the Secretary-General for Children and Armed Conflict</subfield>
        </datafield>
        <datafield tag="650" ind1="1" ind2="7">
            <subfield code="0">1284243</subfield>
            <subfield code="2">unbist</subfield>
            <subfield code="a">CHILDREN IN ARMED CONFLICTS</subfield>
        </datafield>
        <datafield tag="650" ind1="1" ind2="7">
            <subfield code="0">1281296</subfield>
            <subfield code="2">unbist</subfield>
            <subfield code="a">CHILD WELFARE</subfield>
        </datafield>
        <datafield tag="650" ind1="1" ind2="7">
            <subfield code="0">1281064</subfield>
            <subfield code="2">unbist</subfield>
            <subfield code="a">RIGHTS OF THE CHILD</subfield>
        </datafield>
        <datafield tag="650" ind1="1" ind2="7">
            <subfield code="0">1282983</subfield>
            <subfield code="2">unbist</subfield>
            <subfield code="a">HUMAN RIGHTS VIOLATIONS</subfield>
        </datafield>
        <datafield tag="650" ind1="1" ind2="7">
            <subfield code="0">1284019</subfield>
            <subfield code="2">unbist</subfield>
            <subfield code="a">CHILD SOLDIERS</subfield>
        </datafield>
        <datafield tag="650" ind1="2" ind2="7">
            <subfield code="0">1280761</subfield>
            <subfield code="2">unbist</subfield>
            <subfield code="a">SCHOOLS</subfield>
        </datafield>
        <datafield tag="650" ind1="2" ind2="7">
            <subfield code="0">1280490</subfield>
            <subfield code="2">unbist</subfield>
            <subfield code="a">HOSPITALS</subfield>
        </datafield>
        <datafield tag="650" ind1="2" ind2="7">
            <subfield code="0">1282930</subfield>
            <subfield code="2">unbist</subfield>
            <subfield code="a">ARMED INCIDENTS</subfield>
        </datafield>
        <datafield tag="856" ind1="4" ind2=" ">
            <subfield code="s">475072</subfield>
            <subfield code="u">http://digitallibrary.un.org/record/706964/files/S_PV.6581-AR.pdf</subfield>
            <subfield code="y">العربية</subfield>
        </datafield>
        <datafield tag="856" ind1="4" ind2=" ">
            <subfield code="s">450686</subfield>
            <subfield code="u">http://digitallibrary.un.org/record/706964/files/S_PV.6581-ZH.pdf</subfield>
            <subfield code="y">中文</subfield>
        </datafield>
        <datafield tag="856" ind1="4" ind2=" ">
            <subfield code="s">234329</subfield>
            <subfield code="u">http://digitallibrary.un.org/record/706964/files/S_PV.6581-EN.pdf</subfield>
            <subfield code="y">English</subfield>
        </datafield>
        <datafield tag="856" ind1="4" ind2=" ">
            <subfield code="s">278680</subfield>
            <subfield code="u">http://digitallibrary.un.org/record/706964/files/S_PV.6581-FR.pdf</subfield>
            <subfield code="y">Français</subfield>
        </datafield>
        <datafield tag="856" ind1="4" ind2=" ">
            <subfield code="s">648751</subfield>
            <subfield code="u">http://digitallibrary.un.org/record/706964/files/S_PV.6581-RU.pdf</subfield>
            <subfield code="y">Русский</subfield>
        </datafield>
        <datafield tag="856" ind1="4" ind2=" ">
            <subfield code="s">259127</subfield>
            <subfield code="u">http://digitallibrary.un.org/record/706964/files/S_PV.6581-ES.pdf</subfield>
            <subfield code="y">Español</subfield>
        </datafield>
        <datafield tag="930" ind1=" " ind2=" ">
            <subfield code="a">UNDJL11</subfield>
        </datafield>
        <datafield tag="949" ind1=" " ind2=" ">
            <subfield code="9">S/PV.6581</subfield>
            <subfield code="b">1789275.5.1</subfield>
            <subfield code="c">c. 1</subfield>
            <subfield code="d">20110714200000</subfield>
            <subfield code="i">1789275</subfield>
            <subfield code="k">unss</subfield>
            <subfield code="l">DHL</subfield>
            <subfield code="m">14day</subfield>
            <subfield code="z">t</subfield>
        </datafield>
        <datafield tag="949" ind1=" " ind2=" ">
            <subfield code="9">S/PV.6581</subfield>
            <subfield code="b">1789274.4.1</subfield>
            <subfield code="c">c. 1</subfield>
            <subfield code="d">20110714200000</subfield>
            <subfield code="i">1789274</subfield>
            <subfield code="k">unrs</subfield>
            <subfield code="l">DHL</subfield>
            <subfield code="m">14day</subfield>
            <subfield code="z">t</subfield>
        </datafield>
        <datafield tag="949" ind1=" " ind2=" ">
            <subfield code="9">S/PV.6581</subfield>
            <subfield code="b">1789273.3.1</subfield>
            <subfield code="c">c. 1</subfield>
            <subfield code="d">20110714200000</subfield>
            <subfield code="i">1789273</subfield>
            <subfield code="k">unfs</subfield>
            <subfield code="l">DHL</subfield>
            <subfield code="m">14day</subfield>
            <subfield code="z">t</subfield>
        </datafield>
        <datafield tag="949" ind1=" " ind2=" ">
            <subfield code="9">S/PV.6581</subfield>
            <subfield code="b">1789271.1.1</subfield>
            <subfield code="c">c. 1</subfield>
            <subfield code="d">20110714200000</subfield>
            <subfield code="i">1789271</subfield>
            <subfield code="k">unas</subfield>
            <subfield code="l">DHL</subfield>
            <subfield code="m">14day</subfield>
            <subfield code="z">t</subfield>
        </datafield>
        <datafield tag="949" ind1=" " ind2=" ">
            <subfield code="9">S/PV.6581</subfield>
            <subfield code="b">10000000950963</subfield>
            <subfield code="c">c. 1</subfield>
            <subfield code="d">20110714200000</subfield>
            <subfield code="i">1789270</subfield>
            <subfield code="k">unes</subfield>
            <subfield code="l">DHL</subfield>
            <subfield code="m">14day</subfield>
            <subfield code="z">t</subfield>
        </datafield>
        <datafield tag="949" ind1=" " ind2=" ">
            <subfield code="9">S/PV.6581</subfield>
            <subfield code="b">1789272.2.1</subfield>
            <subfield code="c">c. 1</subfield>
            <subfield code="d">20110714200000</subfield>
            <subfield code="i">1789272</subfield>
            <subfield code="k">uncs</subfield>
            <subfield code="l">DHL</subfield>
            <subfield code="m">14day</subfield>
            <subfield code="z">t</subfield>
        </datafield>
        <datafield tag="980" ind1=" " ind2=" ">
            <subfield code="a">BIB</subfield>
        </datafield>
        <datafield tag="989" ind1=" " ind2=" ">
            <subfield code="a">Documents and Publications</subfield>
            <subfield code="b">Meeting Records</subfield>
            <subfield code="c">Verbatim Records</subfield>
        </datafield>
        <datafield tag="991" ind1="3" ind2=" ">
            <subfield code="0">1228877</subfield>
            <subfield code="a">S/66</subfield>
            <subfield code="b">[187]</subfield>
            <subfield code="d">CHILDREN IN ARMED CONFLICTS</subfield>
            <subfield code="e">Participation by non-Council members (without right to vote): Afghanistan, Armenia, Australia, Austria, Azerbaijan, Bangladesh, Belgium, Benin, Bulgaria, Canada, Chad, Chile, Costa Rica, Croatia, Czech Republic, Denmark, Estonia, Finland, Greece, Guatemala, Honduras, Hungary, Iceland, Iraq, Ireland, Israel, Italy, Japan, Kenya, Kazakhstan, Kyrgyzstan, Latvia, Liechtenstein, Lithuania, Luxembourg, Malta, Mexico, Monaco, Montenegro, New Zealand, Norway, Myanmar, Pakistan, Papua New Guinea, Peru, Poland, Republic of Korea, Republic of Moldova, Romania, Samoa, Slovakia, Slovenia, Spain, Sri Lanka, Sweden, Switzerland, Thailand, Ukraine and Yemen</subfield>
            <subfield code="f">X27</subfield>
            <subfield code="z">I</subfield>
        </datafield>
        <datafield tag="991" ind1="3" ind2=" ">
            <subfield code="0">1228877</subfield>
            <subfield code="a">S/66</subfield>
            <subfield code="b">[187]</subfield>
            <subfield code="d">CHILDREN IN ARMED CONFLICTS</subfield>
            <subfield code="e">At the 6581st meeting, draft resolution S/2011/425 was adopted unanimously: resolution 1998 (2011)</subfield>
            <subfield code="z">I</subfield>
        </datafield>
        <datafield tag="992" ind1=" " ind2=" ">
            <subfield code="a">20110712</subfield>
        </datafield>
        <datafield tag="998" ind1=" " ind2=" ">
            <subfield code="a">20110715050500</subfield>
            <subfield code="b">pnser</subfield>
            <subfield code="c">20110726100300</subfield>
            <subfield code="d">vwcat2</subfield>
        </datafield>
        <datafield tag="999" ind1=" " ind2=" ">
            <subfield code="a">slr20110715</subfield>
            <subfield code="b">20110715</subfield>
            <subfield code="c">r</subfield>
        </datafield>
        <datafield tag="999" ind1=" " ind2=" ">
            <subfield code="a">slt20110715</subfield>
            <subfield code="b">20110715</subfield>
            <subfield code="c">t</subfield>
        </datafield>
        <datafield tag="999" ind1=" " ind2=" ">
            <subfield code="a">jmc20110715</subfield>
            <subfield code="b">20110715</subfield>
            <subfield code="c">c</subfield>
        </datafield>
        <datafield tag="999" ind1=" " ind2=" ">
            <subfield code="a">pnq20110715</subfield>
            <subfield code="b">20110715</subfield>
            <subfield code="c">q</subfield>
        </datafield>
        <datafield tag="999" ind1=" " ind2=" ">
            <subfield code="a">vwt20110726</subfield>
            <subfield code="b">20110726</subfield>
            <subfield code="c">t</subfield>
        </datafield>
    </record>