

    
    <record>
        <controlfield tag="001">705535</controlfield>
        <controlfield tag="000">00000nam\\2200025#a\4500</controlfield>
        <controlfield tag="005">20170412204332.0</controlfield>
        <controlfield tag="008">110621s2011\\\\usa\\\\#r\\\\\|||1|\eng\d</controlfield>
        <datafield tag="029" ind1=" " ind2=" ">
            <subfield code="a">JN</subfield>
            <subfield code="b">N1137735 E</subfield>
        </datafield>
        <datafield tag="035" ind1=" " ind2=" ">
            <subfield code="a">D0380885</subfield>
        </datafield>
        <datafield tag="035" ind1=" " ind2=" ">
            <subfield code="a">(DHL)949355</subfield>
        </datafield>
        <datafield tag="039" ind1=" " ind2=" ">
            <subfield code="a">DHU</subfield>
        </datafield>
        <datafield tag="040" ind1=" " ind2=" ">
            <subfield code="a">NNUN</subfield>
            <subfield code="b">eng</subfield>
        </datafield>
        <datafield tag="041" ind1=" " ind2=" ">
            <subfield code="a">arachiengfrerusspa</subfield>
        </datafield>
        <datafield tag="049" ind1=" " ind2=" ">
            <subfield code="a">usa</subfield>
        </datafield>
        <datafield tag="089" ind1=" " ind2=" ">
            <subfield code="b">B03</subfield>
        </datafield>
        <datafield tag="089" ind1=" " ind2=" ">
            <subfield code="b">B07</subfield>
        </datafield>
        <datafield tag="091" ind1=" " ind2=" ">
            <subfield code="a">PRO</subfield>
        </datafield>
        <datafield tag="099" ind1=" " ind2=" ">
            <subfield code="a">UNH</subfield>
            <subfield code="b">DHU</subfield>
        </datafield>
        <datafield tag="191" ind1=" " ind2=" ">
            <subfield code="0">1229108</subfield>
            <subfield code="9">X88</subfield>
            <subfield code="a">S/PV.6557</subfield>
            <subfield code="b">S/</subfield>
            <subfield code="c">66</subfield>
            <subfield code="q">SPV6557</subfield>
            <subfield code="r">S66</subfield>
        </datafield>
        <datafield tag="245" ind1="1" ind2="0">
            <subfield code="a">Security Council, 66th year :</subfield>
            <subfield code="b">6557th meeting, Friday, 17 June 2011, New York</subfield>
        </datafield>
        <datafield tag="260" ind1=" " ind2=" ">
            <subfield code="a">[New York] :</subfield>
            <subfield code="b">UN,</subfield>
            <subfield code="c">[2011]</subfield>
        </datafield>
        <datafield tag="269" ind1=" " ind2=" ">
            <subfield code="a">2011</subfield>
        </datafield>
        <datafield tag="300" ind1=" " ind2=" ">
            <subfield code="a">6 p.</subfield>
        </datafield>
        <datafield tag="610" ind1="2" ind2="7">
            <subfield code="0">1068508</subfield>
            <subfield code="2">unbisn</subfield>
            <subfield code="a">UN. Security Council Committee Established pursuant to Resolution 1267 (1999) concerning Al-Qaida and the Taliban and Associated Individuals and Entities</subfield>
        </datafield>
        <datafield tag="610" ind1="2" ind2="7">
            <subfield code="0">1112580</subfield>
            <subfield code="2">unbisn</subfield>
            <subfield code="a">Qaida (Organization)</subfield>
        </datafield>
        <datafield tag="610" ind1="2" ind2="7">
            <subfield code="0">925879</subfield>
            <subfield code="2">unbisn</subfield>
            <subfield code="a">Taliban (Afghanistan)</subfield>
        </datafield>
        <datafield tag="610" ind1="2" ind2="7">
            <subfield code="0">1219892</subfield>
            <subfield code="2">unbisn</subfield>
            <subfield code="a">UN. Security Council. Office of the Ombudsperson</subfield>
        </datafield>
        <datafield tag="610" ind1="2" ind2="7">
            <subfield code="0">1233010</subfield>
            <subfield code="2">unbisn</subfield>
            <subfield code="a">UN. Security Council Committee Established pursuant to Resolution 1988 (2011)</subfield>
        </datafield>
        <datafield tag="630" ind1="0" ind2="7">
            <subfield code="0">1233057</subfield>
            <subfield code="2">unbisn</subfield>
            <subfield code="a">List of Individuals subject to the Measures Imposed by Paragraph 1 of Resolution 1988 (2011)</subfield>
        </datafield>
        <datafield tag="650" ind1="1" ind2="7">
            <subfield code="0">1277888</subfield>
            <subfield code="2">unbist</subfield>
            <subfield code="a">TERRORISM</subfield>
        </datafield>
        <datafield tag="650" ind1="1" ind2="7">
            <subfield code="0">1277955</subfield>
            <subfield code="2">unbist</subfield>
            <subfield code="a">SANCTIONS</subfield>
        </datafield>
        <datafield tag="650" ind1="1" ind2="7">
            <subfield code="0">1278068</subfield>
            <subfield code="2">unbist</subfield>
            <subfield code="a">AFGHANISTAN SITUATION</subfield>
        </datafield>
        <datafield tag="651" ind1="1" ind2="7">
            <subfield code="0">1282186</subfield>
            <subfield code="2">unbist</subfield>
            <subfield code="a">AFGHANISTAN</subfield>
        </datafield>
        <datafield tag="856" ind1="4" ind2=" ">
            <subfield code="s">153250</subfield>
            <subfield code="u">http://digitallibrary.un.org/record/705535/files/S_PV.6557-AR.pdf</subfield>
            <subfield code="y">العربية</subfield>
        </datafield>
        <datafield tag="856" ind1="4" ind2=" ">
            <subfield code="s">192247</subfield>
            <subfield code="u">http://digitallibrary.un.org/record/705535/files/S_PV.6557-ZH.pdf</subfield>
            <subfield code="y">中文</subfield>
        </datafield>
        <datafield tag="856" ind1="4" ind2=" ">
            <subfield code="s">99285</subfield>
            <subfield code="u">http://digitallibrary.un.org/record/705535/files/S_PV.6557-EN.pdf</subfield>
            <subfield code="y">English</subfield>
        </datafield>
        <datafield tag="856" ind1="4" ind2=" ">
            <subfield code="s">109181</subfield>
            <subfield code="u">http://digitallibrary.un.org/record/705535/files/S_PV.6557-FR.pdf</subfield>
            <subfield code="y">Français</subfield>
        </datafield>
        <datafield tag="856" ind1="4" ind2=" ">
            <subfield code="s">219266</subfield>
            <subfield code="u">http://digitallibrary.un.org/record/705535/files/S_PV.6557-RU.pdf</subfield>
            <subfield code="y">Русский</subfield>
        </datafield>
        <datafield tag="856" ind1="4" ind2=" ">
            <subfield code="s">147083</subfield>
            <subfield code="u">http://digitallibrary.un.org/record/705535/files/S_PV.6557-ES.pdf</subfield>
            <subfield code="y">Español</subfield>
        </datafield>
        <datafield tag="930" ind1=" " ind2=" ">
            <subfield code="a">UNDJN11</subfield>
        </datafield>
        <datafield tag="949" ind1=" " ind2=" ">
            <subfield code="9">S/PV.6557</subfield>
            <subfield code="b">1785738.2.1</subfield>
            <subfield code="c">c. 1</subfield>
            <subfield code="d">20110621200000</subfield>
            <subfield code="i">1785738</subfield>
            <subfield code="k">uncs</subfield>
            <subfield code="l">DHL</subfield>
            <subfield code="m">14day</subfield>
            <subfield code="z">t</subfield>
        </datafield>
        <datafield tag="949" ind1=" " ind2=" ">
            <subfield code="9">S/PV.6557</subfield>
            <subfield code="b">1785739.3.1</subfield>
            <subfield code="c">c. 1</subfield>
            <subfield code="d">20110621200000</subfield>
            <subfield code="i">1785739</subfield>
            <subfield code="k">unfs</subfield>
            <subfield code="l">DHL</subfield>
            <subfield code="m">14day</subfield>
            <subfield code="z">t</subfield>
        </datafield>
        <datafield tag="949" ind1=" " ind2=" ">
            <subfield code="9">S/PV.6557</subfield>
            <subfield code="b">1785740.4.1</subfield>
            <subfield code="c">c. 1</subfield>
            <subfield code="d">20110621200000</subfield>
            <subfield code="i">1785740</subfield>
            <subfield code="k">unrs</subfield>
            <subfield code="l">DHL</subfield>
            <subfield code="m">14day</subfield>
            <subfield code="z">t</subfield>
        </datafield>
        <datafield tag="949" ind1=" " ind2=" ">
            <subfield code="9">S/PV.6557</subfield>
            <subfield code="b">1785737.1.1</subfield>
            <subfield code="c">c. 1</subfield>
            <subfield code="d">20110621200000</subfield>
            <subfield code="i">1785737</subfield>
            <subfield code="k">unas</subfield>
            <subfield code="l">DHL</subfield>
            <subfield code="m">14day</subfield>
            <subfield code="z">t</subfield>
        </datafield>
        <datafield tag="949" ind1=" " ind2=" ">
            <subfield code="9">S/PV.6557</subfield>
            <subfield code="b">10000009493551</subfield>
            <subfield code="c">c. 1</subfield>
            <subfield code="d">20110621200000</subfield>
            <subfield code="i">1785736</subfield>
            <subfield code="k">unes</subfield>
            <subfield code="l">DHL</subfield>
            <subfield code="m">14day</subfield>
            <subfield code="z">t</subfield>
        </datafield>
        <datafield tag="949" ind1=" " ind2=" ">
            <subfield code="9">S/PV.6557</subfield>
            <subfield code="b">1785741.5.1</subfield>
            <subfield code="c">c. 1</subfield>
            <subfield code="d">20110621200000</subfield>
            <subfield code="i">1785741</subfield>
            <subfield code="k">unss</subfield>
            <subfield code="l">DHL</subfield>
            <subfield code="m">14day</subfield>
            <subfield code="z">t</subfield>
        </datafield>
        <datafield tag="980" ind1=" " ind2=" ">
            <subfield code="a">BIB</subfield>
        </datafield>
        <datafield tag="989" ind1=" " ind2=" ">
            <subfield code="a">Documents and Publications</subfield>
            <subfield code="b">Meeting Records</subfield>
            <subfield code="c">Verbatim Records</subfield>
        </datafield>
        <datafield tag="991" ind1="3" ind2=" ">
            <subfield code="0">1228914</subfield>
            <subfield code="a">S/66</subfield>
            <subfield code="b">[46]</subfield>
            <subfield code="d">AFGHANISTAN SITUATION</subfield>
            <subfield code="e">At the 6557th meeting, action on draft resolutions was as follows: draft resolution S/2011/368, adopted unanimously: resolution 1989 (2011); draft resolution S/2011/369, adopted unanimously: resolution 1988 (2011)</subfield>
            <subfield code="z">I</subfield>
        </datafield>
        <datafield tag="991" ind1="3" ind2=" ">
            <subfield code="0">1228906</subfield>
            <subfield code="a">S/66</subfield>
            <subfield code="b">[31]</subfield>
            <subfield code="d">TERRORISM</subfield>
            <subfield code="e">At the 6557th meeting, action on draft resolutions was as follows: draft resolution S/2011/368, adopted unanimously: resolution 1989 (2011); draft resolution S/2011/369, adopted unanimously: resolution 1988 (2011)</subfield>
            <subfield code="z">I</subfield>
        </datafield>
        <datafield tag="991" ind1="3" ind2=" ">
            <subfield code="0">1228908</subfield>
            <subfield code="a">S/66</subfield>
            <subfield code="b">[38]</subfield>
            <subfield code="d">SANCTIONS COMPLIANCE</subfield>
            <subfield code="e">At the 6557th meeting, action on draft resolutions was as follows: draft resolution S/2011/368, adopted unanimously: resolution 1989 (2011); draft resolution S/2011/369, adopted unanimously: resolution 1988 (2011)</subfield>
            <subfield code="z">I</subfield>
        </datafield>
        <datafield tag="992" ind1=" " ind2=" ">
            <subfield code="a">20110617</subfield>
        </datafield>
        <datafield tag="998" ind1=" " ind2=" ">
            <subfield code="a">20110622053700</subfield>
            <subfield code="b">bccat</subfield>
            <subfield code="c">20121228061900</subfield>
            <subfield code="d">amcat</subfield>
        </datafield>
        <datafield tag="999" ind1=" " ind2=" ">
            <subfield code="a">slu20121221</subfield>
            <subfield code="b">20121221</subfield>
            <subfield code="c">u</subfield>
        </datafield>
        <datafield tag="999" ind1=" " ind2=" ">
            <subfield code="a">bcq20110622</subfield>
            <subfield code="b">20110622</subfield>
            <subfield code="c">q</subfield>
        </datafield>
        <datafield tag="999" ind1=" " ind2=" ">
            <subfield code="a">mhc20110622</subfield>
            <subfield code="b">20110622</subfield>
            <subfield code="c">c</subfield>
        </datafield>
        <datafield tag="999" ind1=" " ind2=" ">
            <subfield code="a">slr20110623</subfield>
            <subfield code="b">20110623</subfield>
            <subfield code="c">r</subfield>
        </datafield>
        <datafield tag="999" ind1=" " ind2=" ">
            <subfield code="a">mhu20110623</subfield>
            <subfield code="b">20110623</subfield>
            <subfield code="c">u</subfield>
        </datafield>
        <datafield tag="999" ind1=" " ind2=" ">
            <subfield code="a">vwt20110623</subfield>
            <subfield code="b">20110623</subfield>
            <subfield code="c">t</subfield>
        </datafield>
        <datafield tag="999" ind1=" " ind2=" ">
            <subfield code="a">vwu20120522</subfield>
            <subfield code="b">20120522</subfield>
            <subfield code="c">u</subfield>
        </datafield>
    </record>