

    
    <record>
        <controlfield tag="001">704919</controlfield>
        <controlfield tag="000">00000nam\\2200025#a\4500</controlfield>
        <controlfield tag="005">20170412204322.0</controlfield>
        <controlfield tag="008">110613s2011\\\\usa\\\\#r\\\\\|||1|\eng\d</controlfield>
        <datafield tag="029" ind1=" " ind2=" ">
            <subfield code="a">JN</subfield>
            <subfield code="b">N1136884 E</subfield>
        </datafield>
        <datafield tag="035" ind1=" " ind2=" ">
            <subfield code="a">D0380773</subfield>
        </datafield>
        <datafield tag="035" ind1=" " ind2=" ">
            <subfield code="a">(DHL)948638</subfield>
        </datafield>
        <datafield tag="039" ind1=" " ind2=" ">
            <subfield code="a">DHU</subfield>
        </datafield>
        <datafield tag="040" ind1=" " ind2=" ">
            <subfield code="a">NNUN</subfield>
            <subfield code="b">eng</subfield>
        </datafield>
        <datafield tag="041" ind1=" " ind2=" ">
            <subfield code="a">arachiengfrerusspa</subfield>
        </datafield>
        <datafield tag="049" ind1=" " ind2=" ">
            <subfield code="a">usa</subfield>
        </datafield>
        <datafield tag="089" ind1=" " ind2=" ">
            <subfield code="b">B03</subfield>
        </datafield>
        <datafield tag="089" ind1=" " ind2=" ">
            <subfield code="b">B07</subfield>
        </datafield>
        <datafield tag="091" ind1=" " ind2=" ">
            <subfield code="a">PRO</subfield>
        </datafield>
        <datafield tag="099" ind1=" " ind2=" ">
            <subfield code="a">UNH</subfield>
            <subfield code="b">DHU</subfield>
        </datafield>
        <datafield tag="191" ind1=" " ind2=" ">
            <subfield code="0">1229108</subfield>
            <subfield code="9">X88</subfield>
            <subfield code="a">S/PV.6552</subfield>
            <subfield code="b">S/</subfield>
            <subfield code="c">66</subfield>
            <subfield code="q">SPV6552</subfield>
            <subfield code="r">S66</subfield>
        </datafield>
        <datafield tag="245" ind1="1" ind2="0">
            <subfield code="a">Security Council, 66th year :</subfield>
            <subfield code="b">6552nd meeting, Thursday, 9 June 2011, New York</subfield>
        </datafield>
        <datafield tag="260" ind1=" " ind2=" ">
            <subfield code="a">[New York] :</subfield>
            <subfield code="b">UN,</subfield>
            <subfield code="c">[2011]</subfield>
        </datafield>
        <datafield tag="269" ind1=" " ind2=" ">
            <subfield code="a">2011</subfield>
        </datafield>
        <datafield tag="300" ind1=" " ind2=" ">
            <subfield code="a">4 p.</subfield>
        </datafield>
        <datafield tag="610" ind1="2" ind2="7">
            <subfield code="0">1224791</subfield>
            <subfield code="2">unbisn</subfield>
            <subfield code="a">UN. Panel of Experts Established pursuant to Security Council Resolution 1929 (2010)</subfield>
        </datafield>
        <datafield tag="650" ind1="1" ind2="7">
            <subfield code="0">1278032</subfield>
            <subfield code="2">unbist</subfield>
            <subfield code="a">NUCLEAR NON-PROLIFERATION</subfield>
        </datafield>
        <datafield tag="650" ind1="1" ind2="7">
            <subfield code="0">1284198</subfield>
            <subfield code="2">unbist</subfield>
            <subfield code="a">SANCTIONS COMPLIANCE</subfield>
        </datafield>
        <datafield tag="650" ind1="1" ind2="7">
            <subfield code="0">1281983</subfield>
            <subfield code="2">unbist</subfield>
            <subfield code="a">NUCLEAR TECHNOLOGY</subfield>
        </datafield>
        <datafield tag="650" ind1="1" ind2="7">
            <subfield code="0">1281984</subfield>
            <subfield code="2">unbist</subfield>
            <subfield code="a">NUCLEAR RESEARCH</subfield>
        </datafield>
        <datafield tag="651" ind1="1" ind2="7">
            <subfield code="0">1282201</subfield>
            <subfield code="2">unbist</subfield>
            <subfield code="a">IRAN (ISLAMIC REPUBLIC OF)</subfield>
        </datafield>
        <datafield tag="856" ind1="4" ind2=" ">
            <subfield code="s">112489</subfield>
            <subfield code="u">http://digitallibrary.un.org/record/704919/files/S_PV.6552-AR.pdf</subfield>
            <subfield code="y">العربية</subfield>
        </datafield>
        <datafield tag="856" ind1="4" ind2=" ">
            <subfield code="s">167479</subfield>
            <subfield code="u">http://digitallibrary.un.org/record/704919/files/S_PV.6552-ZH.pdf</subfield>
            <subfield code="y">中文</subfield>
        </datafield>
        <datafield tag="856" ind1="4" ind2=" ">
            <subfield code="s">91146</subfield>
            <subfield code="u">http://digitallibrary.un.org/record/704919/files/S_PV.6552-EN.pdf</subfield>
            <subfield code="y">English</subfield>
        </datafield>
        <datafield tag="856" ind1="4" ind2=" ">
            <subfield code="s">96743</subfield>
            <subfield code="u">http://digitallibrary.un.org/record/704919/files/S_PV.6552-FR.pdf</subfield>
            <subfield code="y">Français</subfield>
        </datafield>
        <datafield tag="856" ind1="4" ind2=" ">
            <subfield code="s">190566</subfield>
            <subfield code="u">http://digitallibrary.un.org/record/704919/files/S_PV.6552-RU.pdf</subfield>
            <subfield code="y">Русский</subfield>
        </datafield>
        <datafield tag="856" ind1="4" ind2=" ">
            <subfield code="s">136875</subfield>
            <subfield code="u">http://digitallibrary.un.org/record/704919/files/S_PV.6552-ES.pdf</subfield>
            <subfield code="y">Español</subfield>
        </datafield>
        <datafield tag="930" ind1=" " ind2=" ">
            <subfield code="a">UNDJN11</subfield>
        </datafield>
        <datafield tag="949" ind1=" " ind2=" ">
            <subfield code="9">S/PV.6552</subfield>
            <subfield code="b">1784924.2.1</subfield>
            <subfield code="c">c. 1</subfield>
            <subfield code="d">20110614200000</subfield>
            <subfield code="i">1784924</subfield>
            <subfield code="k">unrs</subfield>
            <subfield code="l">DHL</subfield>
            <subfield code="m">14day</subfield>
            <subfield code="z">t</subfield>
        </datafield>
        <datafield tag="949" ind1=" " ind2=" ">
            <subfield code="9">S/PV.6552</subfield>
            <subfield code="b">1784925.3.1</subfield>
            <subfield code="c">c. 1</subfield>
            <subfield code="d">20110614200000</subfield>
            <subfield code="i">1784925</subfield>
            <subfield code="k">unas</subfield>
            <subfield code="l">DHL</subfield>
            <subfield code="m">14day</subfield>
            <subfield code="z">t</subfield>
        </datafield>
        <datafield tag="949" ind1=" " ind2=" ">
            <subfield code="9">S/PV.6552</subfield>
            <subfield code="b">1784923.1.1</subfield>
            <subfield code="c">c. 1</subfield>
            <subfield code="d">20110614200000</subfield>
            <subfield code="i">1784923</subfield>
            <subfield code="k">unfs</subfield>
            <subfield code="l">DHL</subfield>
            <subfield code="m">14day</subfield>
            <subfield code="z">t</subfield>
        </datafield>
        <datafield tag="949" ind1=" " ind2=" ">
            <subfield code="9">S/PV.6552</subfield>
            <subfield code="b">10000000948638</subfield>
            <subfield code="c">c. 1</subfield>
            <subfield code="d">20110612200000</subfield>
            <subfield code="i">1784365</subfield>
            <subfield code="k">unes</subfield>
            <subfield code="l">DHL</subfield>
            <subfield code="m">14day</subfield>
            <subfield code="z">t</subfield>
        </datafield>
        <datafield tag="949" ind1=" " ind2=" ">
            <subfield code="9">S/PV.6552</subfield>
            <subfield code="b">1785744.1.1</subfield>
            <subfield code="c">c. 1</subfield>
            <subfield code="d">20110621200000</subfield>
            <subfield code="i">1785744</subfield>
            <subfield code="k">unss</subfield>
            <subfield code="l">DHL</subfield>
            <subfield code="m">14day</subfield>
            <subfield code="z">t</subfield>
        </datafield>
        <datafield tag="949" ind1=" " ind2=" ">
            <subfield code="9">S/PV.6552</subfield>
            <subfield code="b">1784926.4.1</subfield>
            <subfield code="c">c. 1</subfield>
            <subfield code="d">20110614200000</subfield>
            <subfield code="i">1784926</subfield>
            <subfield code="k">uncs</subfield>
            <subfield code="l">DHL</subfield>
            <subfield code="m">14day</subfield>
            <subfield code="z">t</subfield>
        </datafield>
        <datafield tag="980" ind1=" " ind2=" ">
            <subfield code="a">BIB</subfield>
        </datafield>
        <datafield tag="989" ind1=" " ind2=" ">
            <subfield code="a">Documents and Publications</subfield>
            <subfield code="b">Meeting Records</subfield>
            <subfield code="c">Verbatim Records</subfield>
        </datafield>
        <datafield tag="991" ind1="3" ind2=" ">
            <subfield code="0">1228898</subfield>
            <subfield code="a">S/66</subfield>
            <subfield code="b">[23]</subfield>
            <subfield code="d">NUCLEAR NON-PROLIFERATION</subfield>
            <subfield code="e">At the 6552nd meeting, draft resolution S/2011/348 was adopted (14-0-1): resolution 1984 (2011)</subfield>
            <subfield code="z">I</subfield>
        </datafield>
        <datafield tag="992" ind1=" " ind2=" ">
            <subfield code="a">20110609</subfield>
        </datafield>
        <datafield tag="998" ind1=" " ind2=" ">
            <subfield code="a">20110613052100</subfield>
            <subfield code="b">pnser</subfield>
            <subfield code="c">20121203061100</subfield>
            <subfield code="d">amcat</subfield>
        </datafield>
        <datafield tag="999" ind1=" " ind2=" ">
            <subfield code="a">slr20110613</subfield>
            <subfield code="b">20110613</subfield>
            <subfield code="c">r</subfield>
        </datafield>
        <datafield tag="999" ind1=" " ind2=" ">
            <subfield code="a">jmc20110613</subfield>
            <subfield code="b">20110613</subfield>
            <subfield code="c">c</subfield>
        </datafield>
        <datafield tag="999" ind1=" " ind2=" ">
            <subfield code="a">bci20110615</subfield>
            <subfield code="b">20110615</subfield>
            <subfield code="c">i</subfield>
        </datafield>
        <datafield tag="999" ind1=" " ind2=" ">
            <subfield code="a">bci20110622</subfield>
            <subfield code="b">20110622</subfield>
            <subfield code="c">i</subfield>
        </datafield>
        <datafield tag="999" ind1=" " ind2=" ">
            <subfield code="a">pnq20110613</subfield>
            <subfield code="b">20110613</subfield>
            <subfield code="c">q</subfield>
        </datafield>
        <datafield tag="999" ind1=" " ind2=" ">
            <subfield code="a">vwt20110621</subfield>
            <subfield code="b">20110621</subfield>
            <subfield code="c">t</subfield>
        </datafield>
    </record>