

    
    <record>
        <controlfield tag="001">703792</controlfield>
        <controlfield tag="000">00000nam\\2200025#a\4500</controlfield>
        <controlfield tag="005">20170412204302.0</controlfield>
        <controlfield tag="008">110525s2011\\\\usa\\\\#r\\\\\|||1|\eng\d</controlfield>
        <datafield tag="029" ind1=" " ind2=" ">
            <subfield code="a">JN</subfield>
            <subfield code="b">N1127176 E</subfield>
        </datafield>
        <datafield tag="035" ind1=" " ind2=" ">
            <subfield code="a">D0380531</subfield>
        </datafield>
        <datafield tag="035" ind1=" " ind2=" ">
            <subfield code="a">(DHL)947377</subfield>
        </datafield>
        <datafield tag="039" ind1=" " ind2=" ">
            <subfield code="a">DHU</subfield>
        </datafield>
        <datafield tag="040" ind1=" " ind2=" ">
            <subfield code="a">NNUN</subfield>
            <subfield code="b">eng</subfield>
        </datafield>
        <datafield tag="041" ind1=" " ind2=" ">
            <subfield code="a">arachiengfrerusspa</subfield>
        </datafield>
        <datafield tag="049" ind1=" " ind2=" ">
            <subfield code="a">usa</subfield>
        </datafield>
        <datafield tag="089" ind1=" " ind2=" ">
            <subfield code="b">B03</subfield>
        </datafield>
        <datafield tag="091" ind1=" " ind2=" ">
            <subfield code="a">GEN</subfield>
        </datafield>
        <datafield tag="099" ind1=" " ind2=" ">
            <subfield code="a">UNH</subfield>
            <subfield code="b">DHU</subfield>
        </datafield>
        <datafield tag="191" ind1=" " ind2=" ">
            <subfield code="0">1221254</subfield>
            <subfield code="9">G88</subfield>
            <subfield code="a">A/65/PV.79</subfield>
            <subfield code="b">A/</subfield>
            <subfield code="c">65</subfield>
            <subfield code="q">A65PV79</subfield>
            <subfield code="r">A65</subfield>
        </datafield>
        <datafield tag="245" ind1="1" ind2="0">
            <subfield code="a">General Assembly official records, 65th session :</subfield>
            <subfield code="b">79th plenary meeting, Monday, 21 March 2011, New York</subfield>
        </datafield>
        <datafield tag="260" ind1=" " ind2=" ">
            <subfield code="a">[New York] :</subfield>
            <subfield code="b">UN,</subfield>
            <subfield code="c">[2011]</subfield>
        </datafield>
        <datafield tag="269" ind1=" " ind2=" ">
            <subfield code="a">2011</subfield>
        </datafield>
        <datafield tag="300" ind1=" " ind2=" ">
            <subfield code="a">29 p.</subfield>
        </datafield>
        <datafield tag="495" ind1=" " ind2=" ">
            <subfield code="a">GAOR, 65th sess., Meeting records</subfield>
        </datafield>
        <datafield tag="610" ind1="2" ind2="7">
            <subfield code="0">1155943</subfield>
            <subfield code="2">unbisn</subfield>
            <subfield code="a">UN. Peacebuilding Commission</subfield>
        </datafield>
        <datafield tag="610" ind1="2" ind2="7">
            <subfield code="0">1229987</subfield>
            <subfield code="2">unbisn</subfield>
            <subfield code="a">UN. Peacebuilding Commission</subfield>
            <subfield code="g">Activities (2009-2010)</subfield>
        </datafield>
        <datafield tag="610" ind1="2" ind2="7">
            <subfield code="0">936095</subfield>
            <subfield code="2">unbisn</subfield>
            <subfield code="a">UN</subfield>
            <subfield code="g">Budget contributions</subfield>
        </datafield>
        <datafield tag="610" ind1="2" ind2="7">
            <subfield code="0">1169818</subfield>
            <subfield code="2">unbisn</subfield>
            <subfield code="a">UN. Peacebuilding Fund</subfield>
        </datafield>
        <datafield tag="650" ind1="1" ind2="7">
            <subfield code="0">1284084</subfield>
            <subfield code="2">unbist</subfield>
            <subfield code="a">PEACEBUILDING</subfield>
        </datafield>
        <datafield tag="650" ind1="1" ind2="7">
            <subfield code="0">1282565</subfield>
            <subfield code="2">unbist</subfield>
            <subfield code="a">PROGRAMME EVALUATION</subfield>
        </datafield>
        <datafield tag="650" ind1="1" ind2="7">
            <subfield code="0">1284245</subfield>
            <subfield code="2">unbist</subfield>
            <subfield code="a">FINANCIAL MANAGEMENT</subfield>
        </datafield>
        <datafield tag="650" ind1="1" ind2="7">
            <subfield code="0">1282993</subfield>
            <subfield code="2">unbist</subfield>
            <subfield code="a">INTER-AGENCY COOPERATION</subfield>
        </datafield>
        <datafield tag="651" ind1="2" ind2="7">
            <subfield code="0">1282153</subfield>
            <subfield code="2">unbist</subfield>
            <subfield code="a">DOMINICAN REPUBLIC</subfield>
        </datafield>
        <datafield tag="793" ind1=" " ind2=" ">
            <subfield code="a">PL</subfield>
        </datafield>
        <datafield tag="856" ind1="4" ind2=" ">
            <subfield code="s">429139</subfield>
            <subfield code="u">http://digitallibrary.un.org/record/703792/files/A_65_PV.79-AR.pdf</subfield>
            <subfield code="y">العربية</subfield>
        </datafield>
        <datafield tag="856" ind1="4" ind2=" ">
            <subfield code="s">349259</subfield>
            <subfield code="u">http://digitallibrary.un.org/record/703792/files/A_65_PV.79-ZH.pdf</subfield>
            <subfield code="y">中文</subfield>
        </datafield>
        <datafield tag="856" ind1="4" ind2=" ">
            <subfield code="s">333999</subfield>
            <subfield code="u">http://digitallibrary.un.org/record/703792/files/A_65_PV.79-EN.pdf</subfield>
            <subfield code="y">English</subfield>
        </datafield>
        <datafield tag="856" ind1="4" ind2=" ">
            <subfield code="s">234393</subfield>
            <subfield code="u">http://digitallibrary.un.org/record/703792/files/A_65_PV.79-FR.pdf</subfield>
            <subfield code="y">Français</subfield>
        </datafield>
        <datafield tag="856" ind1="4" ind2=" ">
            <subfield code="s">578304</subfield>
            <subfield code="u">http://digitallibrary.un.org/record/703792/files/A_65_PV.79-RU.pdf</subfield>
            <subfield code="y">Русский</subfield>
        </datafield>
        <datafield tag="856" ind1="4" ind2=" ">
            <subfield code="s">287738</subfield>
            <subfield code="u">http://digitallibrary.un.org/record/703792/files/A_65_PV.79-ES.pdf</subfield>
            <subfield code="y">Español</subfield>
        </datafield>
        <datafield tag="930" ind1=" " ind2=" ">
            <subfield code="a">UNDMY11</subfield>
        </datafield>
        <datafield tag="949" ind1=" " ind2=" ">
            <subfield code="9">A/65/PV.79</subfield>
            <subfield code="b">1781818.2.1</subfield>
            <subfield code="c">c. 1</subfield>
            <subfield code="d">20110524200000</subfield>
            <subfield code="i">1781818</subfield>
            <subfield code="k">uncs</subfield>
            <subfield code="l">DHL</subfield>
            <subfield code="m">14day</subfield>
            <subfield code="z">t</subfield>
        </datafield>
        <datafield tag="949" ind1=" " ind2=" ">
            <subfield code="9">A/65/PV.79</subfield>
            <subfield code="b">1781819.3.1</subfield>
            <subfield code="c">c. 1</subfield>
            <subfield code="d">20110524200000</subfield>
            <subfield code="i">1781819</subfield>
            <subfield code="k">unfs</subfield>
            <subfield code="l">DHL</subfield>
            <subfield code="m">14day</subfield>
            <subfield code="z">t</subfield>
        </datafield>
        <datafield tag="949" ind1=" " ind2=" ">
            <subfield code="9">A/65/PV.79</subfield>
            <subfield code="b">1781820.4.1</subfield>
            <subfield code="c">c. 1</subfield>
            <subfield code="d">20110524200000</subfield>
            <subfield code="i">1781820</subfield>
            <subfield code="k">unrs</subfield>
            <subfield code="l">DHL</subfield>
            <subfield code="m">14day</subfield>
            <subfield code="z">t</subfield>
        </datafield>
        <datafield tag="949" ind1=" " ind2=" ">
            <subfield code="9">A/65/PV.79</subfield>
            <subfield code="b">10000000947377</subfield>
            <subfield code="c">c. 1</subfield>
            <subfield code="d">20110524200000</subfield>
            <subfield code="i">1781816</subfield>
            <subfield code="k">unes</subfield>
            <subfield code="l">DHL</subfield>
            <subfield code="m">14day</subfield>
            <subfield code="z">t</subfield>
        </datafield>
        <datafield tag="949" ind1=" " ind2=" ">
            <subfield code="9">A/65/PV.79</subfield>
            <subfield code="b">1781817.1.1</subfield>
            <subfield code="c">c. 1</subfield>
            <subfield code="d">20110524200000</subfield>
            <subfield code="i">1781817</subfield>
            <subfield code="k">unas</subfield>
            <subfield code="l">DHL</subfield>
            <subfield code="m">14day</subfield>
            <subfield code="z">t</subfield>
        </datafield>
        <datafield tag="949" ind1=" " ind2=" ">
            <subfield code="9">A/65/PV.79</subfield>
            <subfield code="b">1781821.5.1</subfield>
            <subfield code="c">c. 1</subfield>
            <subfield code="d">20110524200000</subfield>
            <subfield code="i">1781821</subfield>
            <subfield code="k">unss</subfield>
            <subfield code="l">DHL</subfield>
            <subfield code="m">14day</subfield>
            <subfield code="z">t</subfield>
        </datafield>
        <datafield tag="980" ind1=" " ind2=" ">
            <subfield code="a">BIB</subfield>
        </datafield>
        <datafield tag="989" ind1=" " ind2=" ">
            <subfield code="a">Documents and Publications</subfield>
            <subfield code="b">Meeting Records</subfield>
            <subfield code="c">Verbatim Records</subfield>
        </datafield>
        <datafield tag="991" ind1="1" ind2=" ">
            <subfield code="0">1222076</subfield>
            <subfield code="a">A/65/251</subfield>
            <subfield code="b">133</subfield>
            <subfield code="c">Scale of assessments for the apportionment of the expenses of the United Nations.</subfield>
            <subfield code="d">UN--BUDGET CONTRIBUTIONS</subfield>
            <subfield code="e">At the 79th meeting, the Assembly took note of the information in A/65/691/Add.7 that Dominican Republic and Gambia had made the necessary payment to reduce its arrears below the amount specified in Art. 19 of the Charter</subfield>
            <subfield code="z">I</subfield>
        </datafield>
        <datafield tag="991" ind1="1" ind2=" ">
            <subfield code="0">1221390</subfield>
            <subfield code="a">A/65/251</subfield>
            <subfield code="b">30</subfield>
            <subfield code="c">Report of the Peacebuilding Commission.</subfield>
            <subfield code="d">UN. PEACEBUILDING COMMISSION--REPORTS (2009-2010)</subfield>
            <subfield code="z">I</subfield>
        </datafield>
        <datafield tag="991" ind1="1" ind2=" ">
            <subfield code="0">1221970</subfield>
            <subfield code="a">A/65/251</subfield>
            <subfield code="b">109</subfield>
            <subfield code="c">Report of the Secretary-General on the Peacebuilding Fund.</subfield>
            <subfield code="d">UN. PEACEBUILDING FUND</subfield>
            <subfield code="z">I</subfield>
        </datafield>
        <datafield tag="992" ind1=" " ind2=" ">
            <subfield code="a">20110321</subfield>
        </datafield>
        <datafield tag="998" ind1=" " ind2=" ">
            <subfield code="a">20110525050600</subfield>
            <subfield code="b">pnser</subfield>
            <subfield code="c">20121003124100</subfield>
            <subfield code="d">vwcat2</subfield>
        </datafield>
        <datafield tag="999" ind1=" " ind2=" ">
            <subfield code="a">jmr20110614</subfield>
            <subfield code="b">20110614</subfield>
            <subfield code="c">r</subfield>
        </datafield>
        <datafield tag="999" ind1=" " ind2=" ">
            <subfield code="a">pnq20110525</subfield>
            <subfield code="b">20110525</subfield>
            <subfield code="c">q</subfield>
        </datafield>
        <datafield tag="999" ind1=" " ind2=" ">
            <subfield code="a">skic20110525</subfield>
            <subfield code="b">20110525</subfield>
            <subfield code="c">c</subfield>
        </datafield>
        <datafield tag="999" ind1=" " ind2=" ">
            <subfield code="a">vwt20110614</subfield>
            <subfield code="b">20110614</subfield>
            <subfield code="c">t</subfield>
        </datafield>
        <datafield tag="999" ind1=" " ind2=" ">
            <subfield code="a">vwu20121003</subfield>
            <subfield code="b">20121003</subfield>
            <subfield code="c">u</subfield>
        </datafield>
    </record>