

    
    <record>
        <controlfield tag="001">703527</controlfield>
        <controlfield tag="000">00000nam\\2200025#a\4500</controlfield>
        <controlfield tag="005">20170412131726.0</controlfield>
        <controlfield tag="008">110523s2011\\\\usa\\\\#r\\\\\|||1|\eng\d</controlfield>
        <datafield tag="029" ind1=" " ind2=" ">
            <subfield code="a">JN</subfield>
            <subfield code="b">N1131164 E</subfield>
        </datafield>
        <datafield tag="035" ind1=" " ind2=" ">
            <subfield code="a">D0380480</subfield>
        </datafield>
        <datafield tag="035" ind1=" " ind2=" ">
            <subfield code="a">(DHL)947048</subfield>
        </datafield>
        <datafield tag="039" ind1=" " ind2=" ">
            <subfield code="a">DHU</subfield>
        </datafield>
        <datafield tag="040" ind1=" " ind2=" ">
            <subfield code="a">NNUN</subfield>
            <subfield code="b">eng</subfield>
        </datafield>
        <datafield tag="041" ind1=" " ind2=" ">
            <subfield code="a">arachiengfrerusspa</subfield>
        </datafield>
        <datafield tag="049" ind1=" " ind2=" ">
            <subfield code="a">usa</subfield>
        </datafield>
        <datafield tag="089" ind1=" " ind2=" ">
            <subfield code="b">B04</subfield>
        </datafield>
        <datafield tag="091" ind1=" " ind2=" ">
            <subfield code="a">GEN</subfield>
        </datafield>
        <datafield tag="099" ind1=" " ind2=" ">
            <subfield code="a">UNH</subfield>
            <subfield code="b">DHU</subfield>
        </datafield>
        <datafield tag="191" ind1=" " ind2=" ">
            <subfield code="0">1228994</subfield>
            <subfield code="9">G00</subfield>
            <subfield code="a">A/66/37</subfield>
            <subfield code="b">A/</subfield>
            <subfield code="c">66</subfield>
            <subfield code="q">A6637</subfield>
            <subfield code="r">A66</subfield>
        </datafield>
        <datafield tag="245" ind1="1" ind2="0">
            <subfield code="a">Report of the Ad Hoc Committee Established by General Assembly Resolution 51/210 of 17 December 1996, 15th session (11 to 15 April 2011)</subfield>
        </datafield>
        <datafield tag="260" ind1=" " ind2=" ">
            <subfield code="a">New York :</subfield>
            <subfield code="b">UN, </subfield>
            <subfield code="c">2011</subfield>
        </datafield>
        <datafield tag="269" ind1=" " ind2=" ">
            <subfield code="a">2011</subfield>
        </datafield>
        <datafield tag="300" ind1=" " ind2=" ">
            <subfield code="a">iii, 13 p.</subfield>
        </datafield>
        <datafield tag="495" ind1=" " ind2=" ">
            <subfield code="a">GAOR, 66th sess., Suppl. no. 37</subfield>
        </datafield>
        <datafield tag="500" ind1=" " ind2=" ">
            <subfield code="a">Annexes (p. 5-13) : 1. Informal summary prepared by the Chair on the exchange of views during the informal consultations -- 2. Report on the informal discussions on the draft comprehensive convention on international terrorism. </subfield>
        </datafield>
        <datafield tag="610" ind1="2" ind2="7">
            <subfield code="0">1231796</subfield>
            <subfield code="2">unbisn</subfield>
            <subfield code="a">UN. Ad Hoc Committee Established by General Assembly Resolution 51/210 of 17 December 1996 (15th sess. : 2011 : New York)</subfield>
        </datafield>
        <datafield tag="610" ind1="2" ind2="7">
            <subfield code="0">1232478</subfield>
            <subfield code="2">unbisn</subfield>
            <subfield code="a">UN. Ad Hoc Committee Established by General Assembly Resolution 51/210 of 17 December 1996 (15th sess. : 2011 : New York)</subfield>
            <subfield code="g">Work organization</subfield>
        </datafield>
        <datafield tag="610" ind1="2" ind2="7">
            <subfield code="0">1229226</subfield>
            <subfield code="2">unbisn</subfield>
            <subfield code="a">UN. Ad Hoc Committee Established by General Assembly Resolution 51/210 of 17 December 1996 (15th sess. : 2011 : New York)</subfield>
            <subfield code="g">Agenda</subfield>
        </datafield>
        <datafield tag="630" ind1="0" ind2="7">
            <subfield code="0">1105140</subfield>
            <subfield code="2">unbisn</subfield>
            <subfield code="a">Comprehensive Convention on International Terrorism (Draft)</subfield>
        </datafield>
        <datafield tag="650" ind1="1" ind2="7">
            <subfield code="0">1277888</subfield>
            <subfield code="2">unbist</subfield>
            <subfield code="a">TERRORISM</subfield>
        </datafield>
        <datafield tag="650" ind1="1" ind2="7">
            <subfield code="0">1283512</subfield>
            <subfield code="2">unbist</subfield>
            <subfield code="a">COUNTER-TERRORISM</subfield>
        </datafield>
        <datafield tag="650" ind1="1" ind2="7">
            <subfield code="0">1283185</subfield>
            <subfield code="2">unbist</subfield>
            <subfield code="a">CONSULTATIONS</subfield>
        </datafield>
        <datafield tag="650" ind1="1" ind2="7">
            <subfield code="0">1278279</subfield>
            <subfield code="2">unbist</subfield>
            <subfield code="a">TREATIES</subfield>
        </datafield>
        <datafield tag="710" ind1="2" ind2=" ">
            <subfield code="0">1231796</subfield>
            <subfield code="a">UN. Ad Hoc Committee Established by General Assembly Resolution 51/210 of 17 December 1996 (15th sess. : 2011 : New York)</subfield>
        </datafield>
        <datafield tag="830" ind1=" " ind2=" ">
            <subfield code="0">1275476</subfield>
            <subfield code="a">Report of the Ad Hoc Committee Established by General Assembly Resolution 51/210 of 17 December 1996</subfield>
        </datafield>
        <datafield tag="830" ind1=" " ind2=" ">
            <subfield code="0">1275447</subfield>
            <subfield code="a">General Assembly. Official Records. Supplement</subfield>
        </datafield>
        <datafield tag="856" ind1="4" ind2=" ">
            <subfield code="s">215003</subfield>
            <subfield code="u">http://digitallibrary.un.org/record/703527/files/A_66_37-AR.pdf</subfield>
            <subfield code="y">العربية</subfield>
        </datafield>
        <datafield tag="856" ind1="4" ind2=" ">
            <subfield code="s">236847</subfield>
            <subfield code="u">http://digitallibrary.un.org/record/703527/files/A_66_37-ZH.pdf</subfield>
            <subfield code="y">中文</subfield>
        </datafield>
        <datafield tag="856" ind1="4" ind2=" ">
            <subfield code="s">90261</subfield>
            <subfield code="u">http://digitallibrary.un.org/record/703527/files/A_66_37-EN.pdf</subfield>
            <subfield code="y">English</subfield>
        </datafield>
        <datafield tag="856" ind1="4" ind2=" ">
            <subfield code="s">93901</subfield>
            <subfield code="u">http://digitallibrary.un.org/record/703527/files/A_66_37-FR.pdf</subfield>
            <subfield code="y">Français</subfield>
        </datafield>
        <datafield tag="856" ind1="4" ind2=" ">
            <subfield code="s">283698</subfield>
            <subfield code="u">http://digitallibrary.un.org/record/703527/files/A_66_37-RU.pdf</subfield>
            <subfield code="y">Русский</subfield>
        </datafield>
        <datafield tag="856" ind1="4" ind2=" ">
            <subfield code="s">183376</subfield>
            <subfield code="u">http://digitallibrary.un.org/record/703527/files/A_66_37-ES.pdf</subfield>
            <subfield code="y">Español</subfield>
        </datafield>
        <datafield tag="930" ind1=" " ind2=" ">
            <subfield code="a">UNDMY11</subfield>
        </datafield>
        <datafield tag="949" ind1=" " ind2=" ">
            <subfield code="9">A/66/37</subfield>
            <subfield code="b">10000009470481</subfield>
            <subfield code="c">c. 1</subfield>
            <subfield code="d">20110522200000</subfield>
            <subfield code="i">1781266</subfield>
            <subfield code="k">uncs</subfield>
            <subfield code="l">DHL</subfield>
            <subfield code="m">14day</subfield>
            <subfield code="z">t</subfield>
        </datafield>
        <datafield tag="949" ind1=" " ind2=" ">
            <subfield code="9">A/66/37</subfield>
            <subfield code="b">1781271.5.1</subfield>
            <subfield code="c">c. 1</subfield>
            <subfield code="d">20110522200000</subfield>
            <subfield code="i">1781271</subfield>
            <subfield code="k">unss</subfield>
            <subfield code="l">DHL</subfield>
            <subfield code="m">14day</subfield>
            <subfield code="z">t</subfield>
        </datafield>
        <datafield tag="949" ind1=" " ind2=" ">
            <subfield code="9">A/66/37</subfield>
            <subfield code="b">1781269.3.1</subfield>
            <subfield code="c">c. 1</subfield>
            <subfield code="d">20110522200000</subfield>
            <subfield code="i">1781269</subfield>
            <subfield code="k">unrs</subfield>
            <subfield code="l">DHL</subfield>
            <subfield code="m">14day</subfield>
            <subfield code="z">t</subfield>
        </datafield>
        <datafield tag="949" ind1=" " ind2=" ">
            <subfield code="9">A/66/37</subfield>
            <subfield code="b">1781270.4.1</subfield>
            <subfield code="c">c. 1</subfield>
            <subfield code="d">20110522200000</subfield>
            <subfield code="i">1781270</subfield>
            <subfield code="k">unfs</subfield>
            <subfield code="l">DHL</subfield>
            <subfield code="m">14day</subfield>
            <subfield code="z">t</subfield>
        </datafield>
        <datafield tag="949" ind1=" " ind2=" ">
            <subfield code="9">A/66/37</subfield>
            <subfield code="b">1781267.1.1</subfield>
            <subfield code="c">c. 1</subfield>
            <subfield code="d">20110522200000</subfield>
            <subfield code="i">1781267</subfield>
            <subfield code="k">unes</subfield>
            <subfield code="l">DHL</subfield>
            <subfield code="m">14day</subfield>
            <subfield code="z">t</subfield>
        </datafield>
        <datafield tag="949" ind1=" " ind2=" ">
            <subfield code="9">A/66/37</subfield>
            <subfield code="b">1781268.2.1</subfield>
            <subfield code="c">c. 1</subfield>
            <subfield code="d">20110522200000</subfield>
            <subfield code="i">1781268</subfield>
            <subfield code="k">unas</subfield>
            <subfield code="l">DHL</subfield>
            <subfield code="m">14day</subfield>
            <subfield code="z">t</subfield>
        </datafield>
        <datafield tag="980" ind1=" " ind2=" ">
            <subfield code="a">BIB</subfield>
        </datafield>
        <datafield tag="989" ind1=" " ind2=" ">
            <subfield code="a">Documents and Publications</subfield>
            <subfield code="b">Reports</subfield>
            <subfield code="c">Annual and Sessional Reports</subfield>
        </datafield>
        <datafield tag="991" ind1="1" ind2=" ">
            <subfield code="0">1230720</subfield>
            <subfield code="a">A/66/251</subfield>
            <subfield code="b">109</subfield>
            <subfield code="c">Measures to eliminate international terrorism.</subfield>
            <subfield code="d">TERRORISM</subfield>
            <subfield code="z">I</subfield>
        </datafield>
        <datafield tag="998" ind1=" " ind2=" ">
            <subfield code="a">20110523050100</subfield>
            <subfield code="b">bccat</subfield>
            <subfield code="c">20170109094600</subfield>
            <subfield code="d">pacat</subfield>
        </datafield>
        <datafield tag="999" ind1=" " ind2=" ">
            <subfield code="a">jmr20110524</subfield>
            <subfield code="b">20110524</subfield>
            <subfield code="c">r</subfield>
        </datafield>
        <datafield tag="999" ind1=" " ind2=" ">
            <subfield code="a">bcq20110523</subfield>
            <subfield code="b">20110523</subfield>
            <subfield code="c">q</subfield>
        </datafield>
        <datafield tag="999" ind1=" " ind2=" ">
            <subfield code="a">skic20110523</subfield>
            <subfield code="b">20110523</subfield>
            <subfield code="c">c</subfield>
        </datafield>
        <datafield tag="999" ind1=" " ind2=" ">
            <subfield code="a">vwt20110621</subfield>
            <subfield code="b">20110621</subfield>
            <subfield code="c">t</subfield>
        </datafield>
        <datafield tag="999" ind1=" " ind2=" ">
            <subfield code="a">pau20170109</subfield>
            <subfield code="b">20170109</subfield>
            <subfield code="c">u</subfield>
        </datafield>
    </record>