

    
    <record>
        <controlfield tag="001">702234</controlfield>
        <controlfield tag="000">00000nam\\2200025#a\4500</controlfield>
        <controlfield tag="005">20170412204236.0</controlfield>
        <controlfield tag="008">110502s2011\\\\usa\\\\#r\\\\\|||1|\eng\d</controlfield>
        <datafield tag="029" ind1=" " ind2=" ">
            <subfield code="a">JN</subfield>
            <subfield code="b">N1131457 E</subfield>
        </datafield>
        <datafield tag="035" ind1=" " ind2=" ">
            <subfield code="a">D0380088</subfield>
        </datafield>
        <datafield tag="035" ind1=" " ind2=" ">
            <subfield code="a">(DHL)945586</subfield>
        </datafield>
        <datafield tag="039" ind1=" " ind2=" ">
            <subfield code="a">DHU</subfield>
        </datafield>
        <datafield tag="040" ind1=" " ind2=" ">
            <subfield code="a">NNUN</subfield>
            <subfield code="b">eng</subfield>
        </datafield>
        <datafield tag="041" ind1=" " ind2=" ">
            <subfield code="a">arachiengfrerusspa</subfield>
        </datafield>
        <datafield tag="049" ind1=" " ind2=" ">
            <subfield code="a">usa</subfield>
        </datafield>
        <datafield tag="089" ind1=" " ind2=" ">
            <subfield code="b">B03</subfield>
        </datafield>
        <datafield tag="089" ind1=" " ind2=" ">
            <subfield code="b">B07</subfield>
        </datafield>
        <datafield tag="091" ind1=" " ind2=" ">
            <subfield code="a">PRO</subfield>
        </datafield>
        <datafield tag="099" ind1=" " ind2=" ">
            <subfield code="a">UNH</subfield>
            <subfield code="b">DHU</subfield>
        </datafield>
        <datafield tag="191" ind1=" " ind2=" ">
            <subfield code="0">1229108</subfield>
            <subfield code="9">X88</subfield>
            <subfield code="a">S/PV.6525</subfield>
            <subfield code="b">S/</subfield>
            <subfield code="c">66</subfield>
            <subfield code="q">SPV6525</subfield>
            <subfield code="r">S66</subfield>
        </datafield>
        <datafield tag="245" ind1="1" ind2="0">
            <subfield code="a">Security Council, 66th year :</subfield>
            <subfield code="b">6525th meeting, Thursday, 28 April 2011, New York</subfield>
        </datafield>
        <datafield tag="260" ind1=" " ind2=" ">
            <subfield code="a">[New York] :</subfield>
            <subfield code="b">UN,</subfield>
            <subfield code="c">[2011]</subfield>
        </datafield>
        <datafield tag="269" ind1=" " ind2=" ">
            <subfield code="a">2011</subfield>
        </datafield>
        <datafield tag="300" ind1=" " ind2=" ">
            <subfield code="a">3 p.</subfield>
        </datafield>
        <datafield tag="610" ind1="2" ind2="7">
            <subfield code="0">1167577</subfield>
            <subfield code="2">unbisn</subfield>
            <subfield code="a">UN. Group of Experts Established pursuant to Paragraph 7 of Security Council Resolution 1584 (2005)</subfield>
        </datafield>
        <datafield tag="610" ind1="2" ind2="7">
            <subfield code="0">1142637</subfield>
            <subfield code="2">unbisn</subfield>
            <subfield code="a">UN Operation in Côte d'Ivoire</subfield>
        </datafield>
        <datafield tag="611" ind1="2" ind2="7">
            <subfield code="0">1117068</subfield>
            <subfield code="2">unbisn</subfield>
            <subfield code="a">Kimberley Process</subfield>
        </datafield>
        <datafield tag="650" ind1="1" ind2="7">
            <subfield code="0">1277955</subfield>
            <subfield code="2">unbist</subfield>
            <subfield code="a">SANCTIONS</subfield>
        </datafield>
        <datafield tag="650" ind1="1" ind2="7">
            <subfield code="0">1277945</subfield>
            <subfield code="2">unbist</subfield>
            <subfield code="a">ARMS EMBARGO</subfield>
        </datafield>
        <datafield tag="650" ind1="1" ind2="7">
            <subfield code="0">1284198</subfield>
            <subfield code="2">unbist</subfield>
            <subfield code="a">SANCTIONS COMPLIANCE</subfield>
        </datafield>
        <datafield tag="650" ind1="1" ind2="7">
            <subfield code="0">1277830</subfield>
            <subfield code="2">unbist</subfield>
            <subfield code="a">INTERNAL SECURITY</subfield>
        </datafield>
        <datafield tag="651" ind1="1" ind2="7">
            <subfield code="0">1282098</subfield>
            <subfield code="2">unbist</subfield>
            <subfield code="a">COTE D'IVOIRE</subfield>
        </datafield>
        <datafield tag="856" ind1="4" ind2=" ">
            <subfield code="s">105687</subfield>
            <subfield code="u">http://digitallibrary.un.org/record/702234/files/S_PV.6525-AR.pdf</subfield>
            <subfield code="y">العربية</subfield>
        </datafield>
        <datafield tag="856" ind1="4" ind2=" ">
            <subfield code="s">165864</subfield>
            <subfield code="u">http://digitallibrary.un.org/record/702234/files/S_PV.6525-ZH.pdf</subfield>
            <subfield code="y">中文</subfield>
        </datafield>
        <datafield tag="856" ind1="4" ind2=" ">
            <subfield code="s">87710</subfield>
            <subfield code="u">http://digitallibrary.un.org/record/702234/files/S_PV.6525-EN.pdf</subfield>
            <subfield code="y">English</subfield>
        </datafield>
        <datafield tag="856" ind1="4" ind2=" ">
            <subfield code="s">93622</subfield>
            <subfield code="u">http://digitallibrary.un.org/record/702234/files/S_PV.6525-FR.pdf</subfield>
            <subfield code="y">Français</subfield>
        </datafield>
        <datafield tag="856" ind1="4" ind2=" ">
            <subfield code="s">178615</subfield>
            <subfield code="u">http://digitallibrary.un.org/record/702234/files/S_PV.6525-RU.pdf</subfield>
            <subfield code="y">Русский</subfield>
        </datafield>
        <datafield tag="856" ind1="4" ind2=" ">
            <subfield code="s">88741</subfield>
            <subfield code="u">http://digitallibrary.un.org/record/702234/files/S_PV.6525-ES.pdf</subfield>
            <subfield code="y">Español</subfield>
        </datafield>
        <datafield tag="930" ind1=" " ind2=" ">
            <subfield code="a">UNDMA11</subfield>
        </datafield>
        <datafield tag="949" ind1=" " ind2=" ">
            <subfield code="9">S/PV.6525</subfield>
            <subfield code="b">1778283.1.1</subfield>
            <subfield code="c">c. 1</subfield>
            <subfield code="d">20110502200000</subfield>
            <subfield code="i">1778283</subfield>
            <subfield code="k">uncs</subfield>
            <subfield code="l">DHL</subfield>
            <subfield code="m">14day</subfield>
            <subfield code="z">t</subfield>
        </datafield>
        <datafield tag="949" ind1=" " ind2=" ">
            <subfield code="9">S/PV.6525</subfield>
            <subfield code="b">1777932.3.1</subfield>
            <subfield code="c">c. 1</subfield>
            <subfield code="d">20110501200000</subfield>
            <subfield code="i">1777932</subfield>
            <subfield code="k">unrs</subfield>
            <subfield code="l">DHL</subfield>
            <subfield code="m">14day</subfield>
            <subfield code="z">t</subfield>
        </datafield>
        <datafield tag="949" ind1=" " ind2=" ">
            <subfield code="9">S/PV.6525</subfield>
            <subfield code="b">1777931.2.1</subfield>
            <subfield code="c">c. 1</subfield>
            <subfield code="d">20110501200000</subfield>
            <subfield code="i">1777931</subfield>
            <subfield code="k">unfs</subfield>
            <subfield code="l">DHL</subfield>
            <subfield code="m">14day</subfield>
            <subfield code="z">t</subfield>
        </datafield>
        <datafield tag="949" ind1=" " ind2=" ">
            <subfield code="9">S/PV.6525</subfield>
            <subfield code="b">1777930.1.1</subfield>
            <subfield code="c">c. 1</subfield>
            <subfield code="d">20110501200000</subfield>
            <subfield code="i">1777930</subfield>
            <subfield code="k">unas</subfield>
            <subfield code="l">DHL</subfield>
            <subfield code="m">14day</subfield>
            <subfield code="z">t</subfield>
        </datafield>
        <datafield tag="949" ind1=" " ind2=" ">
            <subfield code="9">S/PV.6525</subfield>
            <subfield code="b">10000000945586</subfield>
            <subfield code="c">c. 1</subfield>
            <subfield code="d">20110501200000</subfield>
            <subfield code="i">1777929</subfield>
            <subfield code="k">unes</subfield>
            <subfield code="l">DHL</subfield>
            <subfield code="m">14day</subfield>
            <subfield code="z">t</subfield>
        </datafield>
        <datafield tag="949" ind1=" " ind2=" ">
            <subfield code="9">S/PV.6525</subfield>
            <subfield code="b">1777933.4.1</subfield>
            <subfield code="c">c. 1</subfield>
            <subfield code="d">20110501200000</subfield>
            <subfield code="i">1777933</subfield>
            <subfield code="k">unss</subfield>
            <subfield code="l">DHL</subfield>
            <subfield code="m">14day</subfield>
            <subfield code="z">t</subfield>
        </datafield>
        <datafield tag="980" ind1=" " ind2=" ">
            <subfield code="a">BIB</subfield>
        </datafield>
        <datafield tag="989" ind1=" " ind2=" ">
            <subfield code="a">Documents and Publications</subfield>
            <subfield code="b">Meeting Records</subfield>
            <subfield code="c">Verbatim Records</subfield>
        </datafield>
        <datafield tag="991" ind1="3" ind2=" ">
            <subfield code="0">1228882</subfield>
            <subfield code="a">S/66</subfield>
            <subfield code="b">[196]</subfield>
            <subfield code="d">CÔTE D'IVOIRE--POLITICAL CONDITIONS</subfield>
            <subfield code="e">Participation by non-Council members (without right to vote): Côte d'Ivoire</subfield>
            <subfield code="f">X27</subfield>
            <subfield code="z">I</subfield>
        </datafield>
        <datafield tag="991" ind1="3" ind2=" ">
            <subfield code="0">1228883</subfield>
            <subfield code="a">S/66</subfield>
            <subfield code="b">[198]</subfield>
            <subfield code="d">UN OPERATION IN CÔTE D'IVOIRE</subfield>
            <subfield code="e">Participation by non-Council members (without right to vote): Côte d'Ivoire</subfield>
            <subfield code="f">X27</subfield>
            <subfield code="z">I</subfield>
        </datafield>
        <datafield tag="991" ind1="3" ind2=" ">
            <subfield code="0">1228882</subfield>
            <subfield code="a">S/66</subfield>
            <subfield code="b">[196]</subfield>
            <subfield code="d">CÔTE D'IVOIRE--POLITICAL CONDITIONS</subfield>
            <subfield code="e">At the 6525th meeting, draft resolution S/2011/273 was adopted unanimously: resolution 1980 (2011)</subfield>
            <subfield code="z">I</subfield>
        </datafield>
        <datafield tag="991" ind1="3" ind2=" ">
            <subfield code="0">1228883</subfield>
            <subfield code="a">S/66</subfield>
            <subfield code="b">[198]</subfield>
            <subfield code="d">UN OPERATION IN CÔTE D'IVOIRE</subfield>
            <subfield code="e">At the 6525th meeting, draft resolution S/2011/273 was adopted unanimously: resolution 1980 (2011)</subfield>
            <subfield code="z">I</subfield>
        </datafield>
        <datafield tag="992" ind1=" " ind2=" ">
            <subfield code="a">20110428</subfield>
        </datafield>
        <datafield tag="998" ind1=" " ind2=" ">
            <subfield code="a">20110502051500</subfield>
            <subfield code="b">pnser</subfield>
            <subfield code="c">20110602081000</subfield>
            <subfield code="d">amcat</subfield>
        </datafield>
        <datafield tag="999" ind1=" " ind2=" ">
            <subfield code="a">jmr20110502</subfield>
            <subfield code="b">20110502</subfield>
            <subfield code="c">r</subfield>
        </datafield>
        <datafield tag="999" ind1=" " ind2=" ">
            <subfield code="a">pgc20110502</subfield>
            <subfield code="b">20110502</subfield>
            <subfield code="c">c</subfield>
        </datafield>
        <datafield tag="999" ind1=" " ind2=" ">
            <subfield code="a">bci20110503</subfield>
            <subfield code="b">20110503</subfield>
            <subfield code="c">i</subfield>
        </datafield>
        <datafield tag="999" ind1=" " ind2=" ">
            <subfield code="a">pnq20110502</subfield>
            <subfield code="b">20110502</subfield>
            <subfield code="c">q</subfield>
        </datafield>
        <datafield tag="999" ind1=" " ind2=" ">
            <subfield code="a">vwt20110503</subfield>
            <subfield code="b">20110503</subfield>
            <subfield code="c">t</subfield>
        </datafield>
    </record>