

    
    <record>
        <controlfield tag="001">702231</controlfield>
        <controlfield tag="000">00000nam\\2200025#a\4500</controlfield>
        <controlfield tag="005">20170412204236.0</controlfield>
        <controlfield tag="008">110502s2011\\\\usa\\\\#r\\\\\|||1|\eng\d</controlfield>
        <datafield tag="029" ind1=" " ind2=" ">
            <subfield code="a">JN</subfield>
            <subfield code="b">N1131280 E</subfield>
        </datafield>
        <datafield tag="035" ind1=" " ind2=" ">
            <subfield code="a">D0380086</subfield>
        </datafield>
        <datafield tag="035" ind1=" " ind2=" ">
            <subfield code="a">(DHL)945583</subfield>
        </datafield>
        <datafield tag="039" ind1=" " ind2=" ">
            <subfield code="a">DHU</subfield>
        </datafield>
        <datafield tag="040" ind1=" " ind2=" ">
            <subfield code="a">NNUN</subfield>
            <subfield code="b">eng</subfield>
        </datafield>
        <datafield tag="041" ind1=" " ind2=" ">
            <subfield code="a">arachiengfrerusspa</subfield>
        </datafield>
        <datafield tag="049" ind1=" " ind2=" ">
            <subfield code="a">usa</subfield>
        </datafield>
        <datafield tag="089" ind1=" " ind2=" ">
            <subfield code="b">B03</subfield>
        </datafield>
        <datafield tag="089" ind1=" " ind2=" ">
            <subfield code="b">B07</subfield>
        </datafield>
        <datafield tag="091" ind1=" " ind2=" ">
            <subfield code="a">PRO</subfield>
        </datafield>
        <datafield tag="099" ind1=" " ind2=" ">
            <subfield code="a">UNH</subfield>
            <subfield code="b">DHU</subfield>
        </datafield>
        <datafield tag="191" ind1=" " ind2=" ">
            <subfield code="0">1229108</subfield>
            <subfield code="9">X88</subfield>
            <subfield code="a">S/PV.6523</subfield>
            <subfield code="b">S/</subfield>
            <subfield code="c">66</subfield>
            <subfield code="q">SPV6523</subfield>
            <subfield code="r">S66</subfield>
        </datafield>
        <datafield tag="245" ind1="1" ind2="0">
            <subfield code="a">Security Council, 66th year :</subfield>
            <subfield code="b">6523rd meeting, Wednesday, 27 April 2011, New York</subfield>
        </datafield>
        <datafield tag="260" ind1=" " ind2=" ">
            <subfield code="a">[New York] :</subfield>
            <subfield code="b">UN,</subfield>
            <subfield code="c">[2011]</subfield>
        </datafield>
        <datafield tag="269" ind1=" " ind2=" ">
            <subfield code="a">2011</subfield>
        </datafield>
        <datafield tag="300" ind1=" " ind2=" ">
            <subfield code="a">5 p.</subfield>
        </datafield>
        <datafield tag="610" ind1="2" ind2="7">
            <subfield code="0">901168</subfield>
            <subfield code="2">unbisn</subfield>
            <subfield code="a">UN Mission for the Referendum in Western Sahara</subfield>
        </datafield>
        <datafield tag="610" ind1="2" ind2="7">
            <subfield code="0">1024118</subfield>
            <subfield code="2">unbisn</subfield>
            <subfield code="a">UN. Personal Envoy of the Secretary-General for Western Sahara</subfield>
        </datafield>
        <datafield tag="650" ind1="1" ind2="7">
            <subfield code="0">1277954</subfield>
            <subfield code="2">unbist</subfield>
            <subfield code="a">PEACEKEEPING OPERATIONS</subfield>
        </datafield>
        <datafield tag="650" ind1="1" ind2="7">
            <subfield code="0">1282694</subfield>
            <subfield code="2">unbist</subfield>
            <subfield code="a">CONFIDENCE-BUILDING MEASURES</subfield>
        </datafield>
        <datafield tag="650" ind1="1" ind2="7">
            <subfield code="0">1277952</subfield>
            <subfield code="2">unbist</subfield>
            <subfield code="a">NEGOTIATION</subfield>
        </datafield>
        <datafield tag="650" ind1="1" ind2="7">
            <subfield code="0">1278086</subfield>
            <subfield code="2">unbist</subfield>
            <subfield code="a">WESTERN SAHARA QUESTION</subfield>
        </datafield>
        <datafield tag="651" ind1="1" ind2="7">
            <subfield code="0">1282130</subfield>
            <subfield code="2">unbist</subfield>
            <subfield code="a">WESTERN SAHARA</subfield>
        </datafield>
        <datafield tag="856" ind1="4" ind2=" ">
            <subfield code="s">108302</subfield>
            <subfield code="u">http://digitallibrary.un.org/record/702231/files/S_PV.6523-AR.pdf</subfield>
            <subfield code="y">العربية</subfield>
        </datafield>
        <datafield tag="856" ind1="4" ind2=" ">
            <subfield code="s">191412</subfield>
            <subfield code="u">http://digitallibrary.un.org/record/702231/files/S_PV.6523-ZH.pdf</subfield>
            <subfield code="y">中文</subfield>
        </datafield>
        <datafield tag="856" ind1="4" ind2=" ">
            <subfield code="s">97014</subfield>
            <subfield code="u">http://digitallibrary.un.org/record/702231/files/S_PV.6523-EN.pdf</subfield>
            <subfield code="y">English</subfield>
        </datafield>
        <datafield tag="856" ind1="4" ind2=" ">
            <subfield code="s">101434</subfield>
            <subfield code="u">http://digitallibrary.un.org/record/702231/files/S_PV.6523-FR.pdf</subfield>
            <subfield code="y">Français</subfield>
        </datafield>
        <datafield tag="856" ind1="4" ind2=" ">
            <subfield code="s">208911</subfield>
            <subfield code="u">http://digitallibrary.un.org/record/702231/files/S_PV.6523-RU.pdf</subfield>
            <subfield code="y">Русский</subfield>
        </datafield>
        <datafield tag="856" ind1="4" ind2=" ">
            <subfield code="s">142502</subfield>
            <subfield code="u">http://digitallibrary.un.org/record/702231/files/S_PV.6523-ES.pdf</subfield>
            <subfield code="y">Español</subfield>
        </datafield>
        <datafield tag="930" ind1=" " ind2=" ">
            <subfield code="a">UNDMA11</subfield>
        </datafield>
        <datafield tag="949" ind1=" " ind2=" ">
            <subfield code="9">S/PV.6523</subfield>
            <subfield code="b">1777942.5.1</subfield>
            <subfield code="c">c. 1</subfield>
            <subfield code="d">20110501200000</subfield>
            <subfield code="i">1777942</subfield>
            <subfield code="k">unss</subfield>
            <subfield code="l">DHL</subfield>
            <subfield code="m">14day</subfield>
            <subfield code="z">t</subfield>
        </datafield>
        <datafield tag="949" ind1=" " ind2=" ">
            <subfield code="9">S/PV.6523</subfield>
            <subfield code="b">1777940.3.1</subfield>
            <subfield code="c">c. 1</subfield>
            <subfield code="d">20110501200000</subfield>
            <subfield code="i">1777940</subfield>
            <subfield code="k">unfs</subfield>
            <subfield code="l">DHL</subfield>
            <subfield code="m">14day</subfield>
            <subfield code="z">t</subfield>
        </datafield>
        <datafield tag="949" ind1=" " ind2=" ">
            <subfield code="9">S/PV.6523</subfield>
            <subfield code="b">1777941.4.1</subfield>
            <subfield code="c">c. 1</subfield>
            <subfield code="d">20110501200000</subfield>
            <subfield code="i">1777941</subfield>
            <subfield code="k">unrs</subfield>
            <subfield code="l">DHL</subfield>
            <subfield code="m">14day</subfield>
            <subfield code="z">t</subfield>
        </datafield>
        <datafield tag="949" ind1=" " ind2=" ">
            <subfield code="9">S/PV.6523</subfield>
            <subfield code="b">1777938.1.1</subfield>
            <subfield code="c">c. 1</subfield>
            <subfield code="d">20110501200000</subfield>
            <subfield code="i">1777938</subfield>
            <subfield code="k">unas</subfield>
            <subfield code="l">DHL</subfield>
            <subfield code="m">14day</subfield>
            <subfield code="z">t</subfield>
        </datafield>
        <datafield tag="949" ind1=" " ind2=" ">
            <subfield code="9">S/PV.6523</subfield>
            <subfield code="b">10000000945583</subfield>
            <subfield code="c">c. 1</subfield>
            <subfield code="d">20110501200000</subfield>
            <subfield code="i">1777937</subfield>
            <subfield code="k">unes</subfield>
            <subfield code="l">DHL</subfield>
            <subfield code="m">14day</subfield>
            <subfield code="z">t</subfield>
        </datafield>
        <datafield tag="949" ind1=" " ind2=" ">
            <subfield code="9">S/PV.6523</subfield>
            <subfield code="b">1777939.2.1</subfield>
            <subfield code="c">c. 1</subfield>
            <subfield code="d">20110501200000</subfield>
            <subfield code="i">1777939</subfield>
            <subfield code="k">uncs</subfield>
            <subfield code="l">DHL</subfield>
            <subfield code="m">14day</subfield>
            <subfield code="z">t</subfield>
        </datafield>
        <datafield tag="980" ind1=" " ind2=" ">
            <subfield code="a">BIB</subfield>
        </datafield>
        <datafield tag="989" ind1=" " ind2=" ">
            <subfield code="a">Documents and Publications</subfield>
            <subfield code="b">Meeting Records</subfield>
            <subfield code="c">Verbatim Records</subfield>
        </datafield>
        <datafield tag="991" ind1="3" ind2=" ">
            <subfield code="0">1228912</subfield>
            <subfield code="a">S/66</subfield>
            <subfield code="b">[44]</subfield>
            <subfield code="d">WESTERN SAHARA QUESTION</subfield>
            <subfield code="e">Participation by non-Council members (without right to vote): Spain</subfield>
            <subfield code="f">X27</subfield>
            <subfield code="z">I</subfield>
        </datafield>
        <datafield tag="991" ind1="3" ind2=" ">
            <subfield code="0">1228913</subfield>
            <subfield code="a">S/66</subfield>
            <subfield code="b">[45]</subfield>
            <subfield code="d">UN MISSION FOR THE REFERENDUM IN WESTERN SAHARA</subfield>
            <subfield code="e">Participation by non-Council members (without right to vote): Spain</subfield>
            <subfield code="f">X27</subfield>
            <subfield code="z">I</subfield>
        </datafield>
        <datafield tag="991" ind1="3" ind2=" ">
            <subfield code="0">1228912</subfield>
            <subfield code="a">S/66</subfield>
            <subfield code="b">[44]</subfield>
            <subfield code="d">WESTERN SAHARA QUESTION</subfield>
            <subfield code="e">At the 6523rd meeting, draft resolution S/2011/268 was adopted unanimously: resolution 1979 (2011)</subfield>
            <subfield code="z">I</subfield>
        </datafield>
        <datafield tag="991" ind1="3" ind2=" ">
            <subfield code="0">1228913</subfield>
            <subfield code="a">S/66</subfield>
            <subfield code="b">[45]</subfield>
            <subfield code="d">UN MISSION FOR THE REFERENDUM IN WESTERN SAHARA</subfield>
            <subfield code="e">At the 6523rd meeting, draft resolution S/2011/268 was adopted unanimously: resolution 1979 (2011)</subfield>
            <subfield code="z">I</subfield>
        </datafield>
        <datafield tag="992" ind1=" " ind2=" ">
            <subfield code="a">20110427</subfield>
        </datafield>
        <datafield tag="998" ind1=" " ind2=" ">
            <subfield code="a">20110502051400</subfield>
            <subfield code="b">pnser</subfield>
            <subfield code="c">20160728064800</subfield>
            <subfield code="d">shkcat</subfield>
        </datafield>
        <datafield tag="999" ind1=" " ind2=" ">
            <subfield code="a">jmr20110502</subfield>
            <subfield code="b">20110502</subfield>
            <subfield code="c">r</subfield>
        </datafield>
        <datafield tag="999" ind1=" " ind2=" ">
            <subfield code="a">pgc20110502</subfield>
            <subfield code="b">20110502</subfield>
            <subfield code="c">c</subfield>
        </datafield>
        <datafield tag="999" ind1=" " ind2=" ">
            <subfield code="a">pnq20110502</subfield>
            <subfield code="b">20110502</subfield>
            <subfield code="c">q</subfield>
        </datafield>
        <datafield tag="999" ind1=" " ind2=" ">
            <subfield code="a">vwt20110503</subfield>
            <subfield code="b">20110503</subfield>
            <subfield code="c">t</subfield>
        </datafield>
    </record>