

    
    <record>
        <controlfield tag="001">701870</controlfield>
        <controlfield tag="000">00000nam\\2200025#a\4500</controlfield>
        <controlfield tag="005">20170412204324.0</controlfield>
        <controlfield tag="008">110427s2011\\\\usa\\\\#r\\\\\|||1|\eng\d</controlfield>
        <datafield tag="029" ind1=" " ind2=" ">
            <subfield code="a">JN</subfield>
            <subfield code="b">N1130848 E</subfield>
        </datafield>
        <datafield tag="035" ind1=" " ind2=" ">
            <subfield code="a">D0370024</subfield>
        </datafield>
        <datafield tag="035" ind1=" " ind2=" ">
            <subfield code="a">(DHL)945183</subfield>
        </datafield>
        <datafield tag="039" ind1=" " ind2=" ">
            <subfield code="a">DHU</subfield>
        </datafield>
        <datafield tag="040" ind1=" " ind2=" ">
            <subfield code="a">NNUN</subfield>
            <subfield code="b">eng</subfield>
        </datafield>
        <datafield tag="041" ind1=" " ind2=" ">
            <subfield code="a">arachiengfrerusspa</subfield>
        </datafield>
        <datafield tag="049" ind1=" " ind2=" ">
            <subfield code="a">usa</subfield>
        </datafield>
        <datafield tag="089" ind1=" " ind2=" ">
            <subfield code="b">B03</subfield>
        </datafield>
        <datafield tag="091" ind1=" " ind2=" ">
            <subfield code="a">PRO</subfield>
        </datafield>
        <datafield tag="099" ind1=" " ind2=" ">
            <subfield code="a">UNH</subfield>
            <subfield code="b">DHU</subfield>
        </datafield>
        <datafield tag="191" ind1=" " ind2=" ">
            <subfield code="0">1229108</subfield>
            <subfield code="9">X88</subfield>
            <subfield code="a">S/PV.6521</subfield>
            <subfield code="b">S/</subfield>
            <subfield code="c">66</subfield>
            <subfield code="q">SPV6521</subfield>
            <subfield code="r">S66</subfield>
        </datafield>
        <datafield tag="245" ind1="1" ind2="0">
            <subfield code="a">Security Council, 66th year :</subfield>
            <subfield code="b">6521st meeting, Thursday, 21 April 2011, New York</subfield>
        </datafield>
        <datafield tag="260" ind1=" " ind2=" ">
            <subfield code="a">[New York] :</subfield>
            <subfield code="b">UN,</subfield>
            <subfield code="c">[2011]</subfield>
        </datafield>
        <datafield tag="269" ind1=" " ind2=" ">
            <subfield code="a">2011</subfield>
        </datafield>
        <datafield tag="300" ind1=" " ind2=" ">
            <subfield code="a">3 p.</subfield>
        </datafield>
        <datafield tag="610" ind1="2" ind2="7">
            <subfield code="0">1160582</subfield>
            <subfield code="2">unbisn</subfield>
            <subfield code="a">UN Mission in Sudan</subfield>
        </datafield>
        <datafield tag="610" ind1="2" ind2="7">
            <subfield code="0">1187143</subfield>
            <subfield code="2">unbisn</subfield>
            <subfield code="a">AU/UN Hybrid Operation in Darfur</subfield>
        </datafield>
        <datafield tag="650" ind1="1" ind2="7">
            <subfield code="0">1277954</subfield>
            <subfield code="2">unbist</subfield>
            <subfield code="a">PEACEKEEPING OPERATIONS</subfield>
        </datafield>
        <datafield tag="650" ind1="1" ind2="7">
            <subfield code="0">1282419</subfield>
            <subfield code="2">unbist</subfield>
            <subfield code="a">POLITICAL CONDITIONS</subfield>
        </datafield>
        <datafield tag="650" ind1="1" ind2="7">
            <subfield code="0">1277830</subfield>
            <subfield code="2">unbist</subfield>
            <subfield code="a">INTERNAL SECURITY</subfield>
        </datafield>
        <datafield tag="650" ind1="1" ind2="7">
            <subfield code="0">1281005</subfield>
            <subfield code="2">unbist</subfield>
            <subfield code="a">HUMANITARIAN ASSISTANCE</subfield>
        </datafield>
        <datafield tag="651" ind1="1" ind2="7">
            <subfield code="0">1276996</subfield>
            <subfield code="2">unbist</subfield>
            <subfield code="a">DARFUR (SUDAN)</subfield>
        </datafield>
        <datafield tag="651" ind1="1" ind2="7">
            <subfield code="0">1282123</subfield>
            <subfield code="2">unbist</subfield>
            <subfield code="a">SUDAN</subfield>
        </datafield>
        <datafield tag="856" ind1="4" ind2=" ">
            <subfield code="s">111064</subfield>
            <subfield code="u">http://digitallibrary.un.org/record/701870/files/S_PV.6521-AR.pdf</subfield>
            <subfield code="y">العربية</subfield>
        </datafield>
        <datafield tag="856" ind1="4" ind2=" ">
            <subfield code="s">156864</subfield>
            <subfield code="u">http://digitallibrary.un.org/record/701870/files/S_PV.6521-ZH.pdf</subfield>
            <subfield code="y">中文</subfield>
        </datafield>
        <datafield tag="856" ind1="4" ind2=" ">
            <subfield code="s">87018</subfield>
            <subfield code="u">http://digitallibrary.un.org/record/701870/files/S_PV.6521-EN.pdf</subfield>
            <subfield code="y">English</subfield>
        </datafield>
        <datafield tag="856" ind1="4" ind2=" ">
            <subfield code="s">92726</subfield>
            <subfield code="u">http://digitallibrary.un.org/record/701870/files/S_PV.6521-FR.pdf</subfield>
            <subfield code="y">Français</subfield>
        </datafield>
        <datafield tag="856" ind1="4" ind2=" ">
            <subfield code="s">174561</subfield>
            <subfield code="u">http://digitallibrary.un.org/record/701870/files/S_PV.6521-RU.pdf</subfield>
            <subfield code="y">Русский</subfield>
        </datafield>
        <datafield tag="856" ind1="4" ind2=" ">
            <subfield code="s">89771</subfield>
            <subfield code="u">http://digitallibrary.un.org/record/701870/files/S_PV.6521-ES.pdf</subfield>
            <subfield code="y">Español</subfield>
        </datafield>
        <datafield tag="930" ind1=" " ind2=" ">
            <subfield code="a">UNDAP11</subfield>
        </datafield>
        <datafield tag="949" ind1=" " ind2=" ">
            <subfield code="9">S/PV.6521</subfield>
            <subfield code="b">1777269.3.1</subfield>
            <subfield code="c">c. 1</subfield>
            <subfield code="d">20110426200000</subfield>
            <subfield code="i">1777269</subfield>
            <subfield code="k">uncs</subfield>
            <subfield code="l">DHL</subfield>
            <subfield code="m">14day</subfield>
            <subfield code="z">t</subfield>
        </datafield>
        <datafield tag="949" ind1=" " ind2=" ">
            <subfield code="9">S/PV.6521</subfield>
            <subfield code="b">1777267.1.1</subfield>
            <subfield code="c">c. 1</subfield>
            <subfield code="d">20110426200000</subfield>
            <subfield code="i">1777267</subfield>
            <subfield code="k">unfs</subfield>
            <subfield code="l">DHL</subfield>
            <subfield code="m">14day</subfield>
            <subfield code="z">t</subfield>
        </datafield>
        <datafield tag="949" ind1=" " ind2=" ">
            <subfield code="9">S/PV.6521</subfield>
            <subfield code="b">1777268.2.1</subfield>
            <subfield code="c">c. 1</subfield>
            <subfield code="d">20110426200000</subfield>
            <subfield code="i">1777268</subfield>
            <subfield code="k">unss</subfield>
            <subfield code="l">DHL</subfield>
            <subfield code="m">14day</subfield>
            <subfield code="z">t</subfield>
        </datafield>
        <datafield tag="949" ind1=" " ind2=" ">
            <subfield code="9">S/PV.6521</subfield>
            <subfield code="b">1777270.4.1</subfield>
            <subfield code="c">c. 1</subfield>
            <subfield code="d">20110426200000</subfield>
            <subfield code="i">1777270</subfield>
            <subfield code="k">unas</subfield>
            <subfield code="l">DHL</subfield>
            <subfield code="m">14day</subfield>
            <subfield code="z">t</subfield>
        </datafield>
        <datafield tag="949" ind1=" " ind2=" ">
            <subfield code="9">S/PV.6521</subfield>
            <subfield code="b">10000009451831</subfield>
            <subfield code="c">c. 1</subfield>
            <subfield code="d">20110426200000</subfield>
            <subfield code="i">1777266</subfield>
            <subfield code="k">unes</subfield>
            <subfield code="l">DHL</subfield>
            <subfield code="m">14day</subfield>
            <subfield code="z">t</subfield>
        </datafield>
        <datafield tag="980" ind1=" " ind2=" ">
            <subfield code="a">BIB</subfield>
        </datafield>
        <datafield tag="989" ind1=" " ind2=" ">
            <subfield code="a">Documents and Publications</subfield>
            <subfield code="b">Meeting Records</subfield>
            <subfield code="c">Verbatim Records</subfield>
        </datafield>
        <datafield tag="991" ind1="3" ind2=" ">
            <subfield code="0">1228863</subfield>
            <subfield code="a">S/66</subfield>
            <subfield code="b">[159]</subfield>
            <subfield code="d">UN MISSION IN THE SUDAN</subfield>
            <subfield code="e">At the 6521st meeting, the President made a statement, on behalf of the Council members, in connection with prior consultations among Council members on the item entitled "Reports of the Secretary-General on the Sudan": S/PRST/2011/8</subfield>
            <subfield code="z">I</subfield>
        </datafield>
        <datafield tag="991" ind1="3" ind2=" ">
            <subfield code="0">1228864</subfield>
            <subfield code="a">S/66</subfield>
            <subfield code="b">[160]</subfield>
            <subfield code="d">SUDAN--POLITICAL CONDITIONS</subfield>
            <subfield code="e">At the 6521st meeting, the President made a statement, on behalf of the Council members, in connection with prior consultations among Council members on the item entitled "Reports of the Secretary-General on the Sudan": S/PRST/2011/8</subfield>
            <subfield code="z">I</subfield>
        </datafield>
        <datafield tag="991" ind1="3" ind2=" ">
            <subfield code="0">1228889</subfield>
            <subfield code="a">S/66</subfield>
            <subfield code="b">[204]</subfield>
            <subfield code="d">AU/UN HYBRID OPERATION IN DARFUR</subfield>
            <subfield code="e">At the 6521st meeting, the President made a statement, on behalf of the Council members, in connection with prior consultations among Council members on the item entitled "Reports of the Secretary-General on the Sudan": S/PRST/2011/8</subfield>
            <subfield code="z">I</subfield>
        </datafield>
        <datafield tag="992" ind1=" " ind2=" ">
            <subfield code="a">20110421</subfield>
        </datafield>
        <datafield tag="993" ind1="5" ind2=" ">
            <subfield code="a">S/PRST/2011/8</subfield>
        </datafield>
        <datafield tag="998" ind1=" " ind2=" ">
            <subfield code="a">20110427050400</subfield>
            <subfield code="b">bccat</subfield>
            <subfield code="c">20160728064800</subfield>
            <subfield code="d">shkcat</subfield>
        </datafield>
        <datafield tag="999" ind1=" " ind2=" ">
            <subfield code="a">jmr20110428</subfield>
            <subfield code="b">20110428</subfield>
            <subfield code="c">r</subfield>
        </datafield>
        <datafield tag="999" ind1=" " ind2=" ">
            <subfield code="a">pgc20110427</subfield>
            <subfield code="b">20110427</subfield>
            <subfield code="c">c</subfield>
        </datafield>
        <datafield tag="999" ind1=" " ind2=" ">
            <subfield code="a">bcq20110427</subfield>
            <subfield code="b">20110427</subfield>
            <subfield code="c">q</subfield>
        </datafield>
        <datafield tag="999" ind1=" " ind2=" ">
            <subfield code="a">vwt20110427</subfield>
            <subfield code="b">20110427</subfield>
            <subfield code="c">t</subfield>
        </datafield>
    </record>