

    
    <record>
        <controlfield tag="001">701595</controlfield>
        <controlfield tag="000">00000nam\\2200025#a\4500</controlfield>
        <controlfield tag="005">20170412204257.0</controlfield>
        <controlfield tag="008">110425s2011\\\\usa\\\\#r\\\\\|||1|\eng\d</controlfield>
        <datafield tag="029" ind1=" " ind2=" ">
            <subfield code="a">JN</subfield>
            <subfield code="b">N1130512 E</subfield>
        </datafield>
        <datafield tag="035" ind1=" " ind2=" ">
            <subfield code="a">D0379990</subfield>
        </datafield>
        <datafield tag="035" ind1=" " ind2=" ">
            <subfield code="a">(DHL)944890</subfield>
        </datafield>
        <datafield tag="039" ind1=" " ind2=" ">
            <subfield code="a">DHU</subfield>
        </datafield>
        <datafield tag="040" ind1=" " ind2=" ">
            <subfield code="a">NNUN</subfield>
            <subfield code="b">eng</subfield>
        </datafield>
        <datafield tag="041" ind1=" " ind2=" ">
            <subfield code="a">arachiengfrerusspa</subfield>
        </datafield>
        <datafield tag="049" ind1=" " ind2=" ">
            <subfield code="a">usa</subfield>
        </datafield>
        <datafield tag="089" ind1=" " ind2=" ">
            <subfield code="b">B03</subfield>
        </datafield>
        <datafield tag="089" ind1=" " ind2=" ">
            <subfield code="b">B07</subfield>
        </datafield>
        <datafield tag="091" ind1=" " ind2=" ">
            <subfield code="a">PRO</subfield>
        </datafield>
        <datafield tag="099" ind1=" " ind2=" ">
            <subfield code="a">UNH</subfield>
            <subfield code="b">DHU</subfield>
        </datafield>
        <datafield tag="191" ind1=" " ind2=" ">
            <subfield code="0">1229108</subfield>
            <subfield code="9">X88</subfield>
            <subfield code="a">S/PV.6518</subfield>
            <subfield code="b">S/</subfield>
            <subfield code="c">66</subfield>
            <subfield code="q">SPV6518</subfield>
            <subfield code="r">S66</subfield>
        </datafield>
        <datafield tag="245" ind1="1" ind2="0">
            <subfield code="a">Security Council, 66th year :</subfield>
            <subfield code="b">6518th meeting, Wednesday, 20 April 2011, New York</subfield>
        </datafield>
        <datafield tag="260" ind1=" " ind2=" ">
            <subfield code="a">[New York] :</subfield>
            <subfield code="b">UN,</subfield>
            <subfield code="c">[2011]</subfield>
        </datafield>
        <datafield tag="269" ind1=" " ind2=" ">
            <subfield code="a">2011</subfield>
        </datafield>
        <datafield tag="300" ind1=" " ind2=" ">
            <subfield code="a">4 p.</subfield>
        </datafield>
        <datafield tag="610" ind1="2" ind2="7">
            <subfield code="0">1144818</subfield>
            <subfield code="2">unbisn</subfield>
            <subfield code="a">UN. Security Council Committee Established pursuant to Resolution 1540 (2004) concerning Non-Proliferation of Nuclear, Chemical and Biological Weapons</subfield>
        </datafield>
        <datafield tag="650" ind1="1" ind2="7">
            <subfield code="0">1278051</subfield>
            <subfield code="2">unbist</subfield>
            <subfield code="a">WEAPONS OF MASS DESTRUCTION</subfield>
        </datafield>
        <datafield tag="650" ind1="1" ind2="7">
            <subfield code="0">1282430</subfield>
            <subfield code="2">unbist</subfield>
            <subfield code="a">ARMS LIMITATION</subfield>
        </datafield>
        <datafield tag="856" ind1="4" ind2=" ">
            <subfield code="s">119214</subfield>
            <subfield code="u">http://digitallibrary.un.org/record/701595/files/S_PV.6518-AR.pdf</subfield>
            <subfield code="y">العربية</subfield>
        </datafield>
        <datafield tag="856" ind1="4" ind2=" ">
            <subfield code="s">167971</subfield>
            <subfield code="u">http://digitallibrary.un.org/record/701595/files/S_PV.6518-ZH.pdf</subfield>
            <subfield code="y">中文</subfield>
        </datafield>
        <datafield tag="856" ind1="4" ind2=" ">
            <subfield code="s">90097</subfield>
            <subfield code="u">http://digitallibrary.un.org/record/701595/files/S_PV.6518-EN.pdf</subfield>
            <subfield code="y">English</subfield>
        </datafield>
        <datafield tag="856" ind1="4" ind2=" ">
            <subfield code="s">95757</subfield>
            <subfield code="u">http://digitallibrary.un.org/record/701595/files/S_PV.6518-FR.pdf</subfield>
            <subfield code="y">Français</subfield>
        </datafield>
        <datafield tag="856" ind1="4" ind2=" ">
            <subfield code="s">184283</subfield>
            <subfield code="u">http://digitallibrary.un.org/record/701595/files/S_PV.6518-RU.pdf</subfield>
            <subfield code="y">Русский</subfield>
        </datafield>
        <datafield tag="856" ind1="4" ind2=" ">
            <subfield code="s">140735</subfield>
            <subfield code="u">http://digitallibrary.un.org/record/701595/files/S_PV.6518-ES.pdf</subfield>
            <subfield code="y">Español</subfield>
        </datafield>
        <datafield tag="930" ind1=" " ind2=" ">
            <subfield code="a">UNDAP11</subfield>
        </datafield>
        <datafield tag="949" ind1=" " ind2=" ">
            <subfield code="9">S/PV.6518</subfield>
            <subfield code="b">1776939.1.1</subfield>
            <subfield code="c">c. 1</subfield>
            <subfield code="d">20110425200000</subfield>
            <subfield code="i">1776939</subfield>
            <subfield code="k">uncs</subfield>
            <subfield code="l">DHL</subfield>
            <subfield code="m">14day</subfield>
            <subfield code="z">t</subfield>
        </datafield>
        <datafield tag="949" ind1=" " ind2=" ">
            <subfield code="9">S/PV.6518</subfield>
            <subfield code="b">1776726.1.1</subfield>
            <subfield code="c">c. 1</subfield>
            <subfield code="d">20110424200000</subfield>
            <subfield code="i">1776726</subfield>
            <subfield code="k">unas</subfield>
            <subfield code="l">DHL</subfield>
            <subfield code="m">14day</subfield>
            <subfield code="z">t</subfield>
        </datafield>
        <datafield tag="949" ind1=" " ind2=" ">
            <subfield code="9">S/PV.6518</subfield>
            <subfield code="b">1830936.1.1</subfield>
            <subfield code="c">c. 1</subfield>
            <subfield code="d">20120108190000</subfield>
            <subfield code="i">1830936</subfield>
            <subfield code="k">unrs</subfield>
            <subfield code="l">DHL</subfield>
            <subfield code="m">14day</subfield>
            <subfield code="z">t</subfield>
        </datafield>
        <datafield tag="949" ind1=" " ind2=" ">
            <subfield code="9">S/PV.6518</subfield>
            <subfield code="b">1776940.2.1</subfield>
            <subfield code="c">c. 1</subfield>
            <subfield code="d">20110425200000</subfield>
            <subfield code="i">1776940</subfield>
            <subfield code="k">unfs</subfield>
            <subfield code="l">DHL</subfield>
            <subfield code="m">14day</subfield>
            <subfield code="z">t</subfield>
        </datafield>
        <datafield tag="949" ind1=" " ind2=" ">
            <subfield code="9">S/PV.6518</subfield>
            <subfield code="b">10000000944890</subfield>
            <subfield code="c">c. 1</subfield>
            <subfield code="d">20110424200000</subfield>
            <subfield code="i">1776725</subfield>
            <subfield code="k">unes</subfield>
            <subfield code="l">DHL</subfield>
            <subfield code="m">14day</subfield>
            <subfield code="z">t</subfield>
        </datafield>
        <datafield tag="949" ind1=" " ind2=" ">
            <subfield code="9">S/PV.6518</subfield>
            <subfield code="b">1776942.4.1</subfield>
            <subfield code="c">c. 1</subfield>
            <subfield code="d">20110425200000</subfield>
            <subfield code="i">1776942</subfield>
            <subfield code="k">unss</subfield>
            <subfield code="l">DHL</subfield>
            <subfield code="m">14day</subfield>
            <subfield code="z">t</subfield>
        </datafield>
        <datafield tag="980" ind1=" " ind2=" ">
            <subfield code="a">BIB</subfield>
        </datafield>
        <datafield tag="989" ind1=" " ind2=" ">
            <subfield code="a">Documents and Publications</subfield>
            <subfield code="b">Meeting Records</subfield>
            <subfield code="c">Verbatim Records</subfield>
        </datafield>
        <datafield tag="991" ind1="3" ind2=" ">
            <subfield code="0">1228898</subfield>
            <subfield code="a">S/66</subfield>
            <subfield code="b">[23]</subfield>
            <subfield code="d">NUCLEAR NON-PROLIFERATION</subfield>
            <subfield code="e">At the 6518th meeting, draft resolution S/2011/257 was adopted unanimously: resolution 1977 (2011)</subfield>
            <subfield code="z">I</subfield>
        </datafield>
        <datafield tag="992" ind1=" " ind2=" ">
            <subfield code="a">20110420</subfield>
        </datafield>
        <datafield tag="998" ind1=" " ind2=" ">
            <subfield code="a">20110425050500</subfield>
            <subfield code="b">pnser</subfield>
            <subfield code="c">20120109114200</subfield>
            <subfield code="d">kroy</subfield>
        </datafield>
        <datafield tag="999" ind1=" " ind2=" ">
            <subfield code="a">jmr20110425</subfield>
            <subfield code="b">20110425</subfield>
            <subfield code="c">r</subfield>
        </datafield>
        <datafield tag="999" ind1=" " ind2=" ">
            <subfield code="a">pgc20110425</subfield>
            <subfield code="b">20110425</subfield>
            <subfield code="c">c</subfield>
        </datafield>
        <datafield tag="999" ind1=" " ind2=" ">
            <subfield code="a">pnq20110425</subfield>
            <subfield code="b">20110425</subfield>
            <subfield code="c">q</subfield>
        </datafield>
        <datafield tag="999" ind1=" " ind2=" ">
            <subfield code="a">vwt20110425</subfield>
            <subfield code="b">20110425</subfield>
            <subfield code="c">t</subfield>
        </datafield>
        <datafield tag="999" ind1=" " ind2=" ">
            <subfield code="a">pni20110426</subfield>
            <subfield code="b">20110426</subfield>
            <subfield code="c">i</subfield>
        </datafield>
        <datafield tag="999" ind1=" " ind2=" ">
            <subfield code="a">kri20120109</subfield>
            <subfield code="b">20120109</subfield>
            <subfield code="c">i</subfield>
        </datafield>
    </record>