

    
    <record>
        <controlfield tag="001">699708</controlfield>
        <controlfield tag="000">00000nam\\2200025#a\4500</controlfield>
        <controlfield tag="005">20170412204150.0</controlfield>
        <controlfield tag="008">110321s2011\\\\usa\\\\#r\\\\\|||1|\eng\d</controlfield>
        <datafield tag="029" ind1=" " ind2=" ">
            <subfield code="a">JN</subfield>
            <subfield code="b">N1126615 E</subfield>
        </datafield>
        <datafield tag="035" ind1=" " ind2=" ">
            <subfield code="a">D0379404</subfield>
        </datafield>
        <datafield tag="035" ind1=" " ind2=" ">
            <subfield code="a">(DHL)942677</subfield>
        </datafield>
        <datafield tag="039" ind1=" " ind2=" ">
            <subfield code="a">DHU</subfield>
        </datafield>
        <datafield tag="040" ind1=" " ind2=" ">
            <subfield code="a">NNUN</subfield>
            <subfield code="b">eng</subfield>
        </datafield>
        <datafield tag="041" ind1=" " ind2=" ">
            <subfield code="a">arachiengfrerusspa</subfield>
        </datafield>
        <datafield tag="049" ind1=" " ind2=" ">
            <subfield code="a">usa</subfield>
        </datafield>
        <datafield tag="089" ind1=" " ind2=" ">
            <subfield code="b">B03</subfield>
        </datafield>
        <datafield tag="089" ind1=" " ind2=" ">
            <subfield code="b">B07</subfield>
        </datafield>
        <datafield tag="091" ind1=" " ind2=" ">
            <subfield code="a">PRO</subfield>
        </datafield>
        <datafield tag="099" ind1=" " ind2=" ">
            <subfield code="a">UNH</subfield>
            <subfield code="b">DHU</subfield>
        </datafield>
        <datafield tag="191" ind1=" " ind2=" ">
            <subfield code="0">1229108</subfield>
            <subfield code="9">X88</subfield>
            <subfield code="a">S/PV.6496</subfield>
            <subfield code="b">S/</subfield>
            <subfield code="c">66</subfield>
            <subfield code="q">SPV6496</subfield>
            <subfield code="r">S66</subfield>
        </datafield>
        <datafield tag="245" ind1="1" ind2="0">
            <subfield code="a">Security Council, 66th year :</subfield>
            <subfield code="b">6496th meeting, Thursday, 17 March 2011, New York</subfield>
        </datafield>
        <datafield tag="260" ind1=" " ind2=" ">
            <subfield code="a">[New York] :</subfield>
            <subfield code="b">UN,</subfield>
            <subfield code="c">[2011]</subfield>
        </datafield>
        <datafield tag="269" ind1=" " ind2=" ">
            <subfield code="a">2011</subfield>
        </datafield>
        <datafield tag="300" ind1=" " ind2=" ">
            <subfield code="a">2 p.</subfield>
        </datafield>
        <datafield tag="650" ind1="1" ind2="7">
            <subfield code="0">1281005</subfield>
            <subfield code="2">unbist</subfield>
            <subfield code="a">HUMANITARIAN ASSISTANCE</subfield>
        </datafield>
        <datafield tag="650" ind1="1" ind2="7">
            <subfield code="0">1282359</subfield>
            <subfield code="2">unbist</subfield>
            <subfield code="a">INTERNATIONAL HUMANITARIAN LAW</subfield>
        </datafield>
        <datafield tag="650" ind1="1" ind2="7">
            <subfield code="0">1284150</subfield>
            <subfield code="2">unbist</subfield>
            <subfield code="a">SOMALIA SITUATION</subfield>
        </datafield>
        <datafield tag="651" ind1="1" ind2="7">
            <subfield code="0">1282119</subfield>
            <subfield code="2">unbist</subfield>
            <subfield code="a">SOMALIA</subfield>
        </datafield>
        <datafield tag="856" ind1="4" ind2=" ">
            <subfield code="s">78656</subfield>
            <subfield code="u">http://digitallibrary.un.org/record/699708/files/S_PV.6496-AR.pdf</subfield>
            <subfield code="y">العربية</subfield>
        </datafield>
        <datafield tag="856" ind1="4" ind2=" ">
            <subfield code="s">104937</subfield>
            <subfield code="u">http://digitallibrary.un.org/record/699708/files/S_PV.6496-ZH.pdf</subfield>
            <subfield code="y">中文</subfield>
        </datafield>
        <datafield tag="856" ind1="4" ind2=" ">
            <subfield code="s">78666</subfield>
            <subfield code="u">http://digitallibrary.un.org/record/699708/files/S_PV.6496-EN.pdf</subfield>
            <subfield code="y">English</subfield>
        </datafield>
        <datafield tag="856" ind1="4" ind2=" ">
            <subfield code="s">81489</subfield>
            <subfield code="u">http://digitallibrary.un.org/record/699708/files/S_PV.6496-FR.pdf</subfield>
            <subfield code="y">Français</subfield>
        </datafield>
        <datafield tag="856" ind1="4" ind2=" ">
            <subfield code="s">147837</subfield>
            <subfield code="u">http://digitallibrary.un.org/record/699708/files/S_PV.6496-RU.pdf</subfield>
            <subfield code="y">Русский</subfield>
        </datafield>
        <datafield tag="856" ind1="4" ind2=" ">
            <subfield code="s">81609</subfield>
            <subfield code="u">http://digitallibrary.un.org/record/699708/files/S_PV.6496-ES.pdf</subfield>
            <subfield code="y">Español</subfield>
        </datafield>
        <datafield tag="930" ind1=" " ind2=" ">
            <subfield code="a">UNDMA11</subfield>
        </datafield>
        <datafield tag="949" ind1=" " ind2=" ">
            <subfield code="9">S/PV.6496</subfield>
            <subfield code="b">1770936.2.1</subfield>
            <subfield code="c">c. 1</subfield>
            <subfield code="d">20110320200000</subfield>
            <subfield code="i">1770936</subfield>
            <subfield code="k">uncs</subfield>
            <subfield code="l">DHL</subfield>
            <subfield code="m">14day</subfield>
            <subfield code="z">t</subfield>
        </datafield>
        <datafield tag="949" ind1=" " ind2=" ">
            <subfield code="9">S/PV.6496</subfield>
            <subfield code="b">10000000942677</subfield>
            <subfield code="c">c. 1</subfield>
            <subfield code="d">20110320200000</subfield>
            <subfield code="i">1770934</subfield>
            <subfield code="k">unes</subfield>
            <subfield code="l">DHL</subfield>
            <subfield code="m">14day</subfield>
            <subfield code="z">t</subfield>
        </datafield>
        <datafield tag="949" ind1=" " ind2=" ">
            <subfield code="9">S/PV.6496</subfield>
            <subfield code="b">1770938.4.1</subfield>
            <subfield code="c">c. 1</subfield>
            <subfield code="d">20110320200000</subfield>
            <subfield code="i">1770938</subfield>
            <subfield code="k">unrs</subfield>
            <subfield code="l">DHL</subfield>
            <subfield code="m">14day</subfield>
            <subfield code="z">t</subfield>
        </datafield>
        <datafield tag="949" ind1=" " ind2=" ">
            <subfield code="9">S/PV.6496</subfield>
            <subfield code="b">1770937.3.1</subfield>
            <subfield code="c">c. 1</subfield>
            <subfield code="d">20110320200000</subfield>
            <subfield code="i">1770937</subfield>
            <subfield code="k">unfs</subfield>
            <subfield code="l">DHL</subfield>
            <subfield code="m">14day</subfield>
            <subfield code="z">t</subfield>
        </datafield>
        <datafield tag="949" ind1=" " ind2=" ">
            <subfield code="9">S/PV.6496</subfield>
            <subfield code="b">1770935.1.1</subfield>
            <subfield code="c">c. 1</subfield>
            <subfield code="d">20110320200000</subfield>
            <subfield code="i">1770935</subfield>
            <subfield code="k">unas</subfield>
            <subfield code="l">DHL</subfield>
            <subfield code="m">14day</subfield>
            <subfield code="z">t</subfield>
        </datafield>
        <datafield tag="949" ind1=" " ind2=" ">
            <subfield code="9">S/PV.6496</subfield>
            <subfield code="b">1771172.1.1</subfield>
            <subfield code="c">c. 1</subfield>
            <subfield code="d">20110321200000</subfield>
            <subfield code="i">1771172</subfield>
            <subfield code="k">unss</subfield>
            <subfield code="l">DHL</subfield>
            <subfield code="m">14day</subfield>
            <subfield code="z">t</subfield>
        </datafield>
        <datafield tag="980" ind1=" " ind2=" ">
            <subfield code="a">BIB</subfield>
        </datafield>
        <datafield tag="989" ind1=" " ind2=" ">
            <subfield code="a">Documents and Publications</subfield>
            <subfield code="b">Meeting Records</subfield>
            <subfield code="c">Verbatim Records</subfield>
        </datafield>
        <datafield tag="991" ind1="3" ind2=" ">
            <subfield code="0">1228930</subfield>
            <subfield code="a">S/66</subfield>
            <subfield code="b">[84]</subfield>
            <subfield code="d">SOMALIA SITUATION</subfield>
            <subfield code="e">At the 6496th meeting, draft resolution S/2011/140 was adopted unanimously: resolution 1972 (2011)</subfield>
            <subfield code="z">I </subfield>
        </datafield>
        <datafield tag="991" ind1="3" ind2=" ">
            <subfield code="0">1228930</subfield>
            <subfield code="a">S/66</subfield>
            <subfield code="b">[84]</subfield>
            <subfield code="d">SOMALIA SITUATION</subfield>
            <subfield code="e">Participation by non-Council members (without right to vote): Somalia </subfield>
            <subfield code="f">X27</subfield>
            <subfield code="z">I</subfield>
        </datafield>
        <datafield tag="992" ind1=" " ind2=" ">
            <subfield code="a">20110317</subfield>
        </datafield>
        <datafield tag="998" ind1=" " ind2=" ">
            <subfield code="a">20110321052400</subfield>
            <subfield code="b">pnser</subfield>
            <subfield code="c">20110322050900</subfield>
            <subfield code="d">pnser</subfield>
        </datafield>
        <datafield tag="999" ind1=" " ind2=" ">
            <subfield code="a">pgr20110321</subfield>
            <subfield code="b">20110321</subfield>
            <subfield code="c">r</subfield>
        </datafield>
        <datafield tag="999" ind1=" " ind2=" ">
            <subfield code="a">pnq20110321</subfield>
            <subfield code="b">20110321</subfield>
            <subfield code="c">q</subfield>
        </datafield>
        <datafield tag="999" ind1=" " ind2=" ">
            <subfield code="a">mhc20110321</subfield>
            <subfield code="b">20110321</subfield>
            <subfield code="c">c</subfield>
        </datafield>
        <datafield tag="999" ind1=" " ind2=" ">
            <subfield code="a">vwt20110321</subfield>
            <subfield code="b">20110321</subfield>
            <subfield code="c">t</subfield>
        </datafield>
        <datafield tag="999" ind1=" " ind2=" ">
            <subfield code="a">pni20110322</subfield>
            <subfield code="b">20110322</subfield>
            <subfield code="c">i</subfield>
        </datafield>
    </record>