

    
    <record>
        <controlfield tag="001">699161</controlfield>
        <controlfield tag="000">00000nam\\2200025#a\4500</controlfield>
        <controlfield tag="005">20170412204140.0</controlfield>
        <controlfield tag="008">110310s2011\\\\usa\\\\#r\\\\\|||1|\eng\d</controlfield>
        <datafield tag="029" ind1=" " ind2=" ">
            <subfield code="a">JN</subfield>
            <subfield code="b">N1063473 E</subfield>
        </datafield>
        <datafield tag="035" ind1=" " ind2=" ">
            <subfield code="a">D0379172</subfield>
        </datafield>
        <datafield tag="035" ind1=" " ind2=" ">
            <subfield code="a">(DHL)942069</subfield>
        </datafield>
        <datafield tag="039" ind1=" " ind2=" ">
            <subfield code="a">DHU</subfield>
        </datafield>
        <datafield tag="040" ind1=" " ind2=" ">
            <subfield code="a">NNUN</subfield>
            <subfield code="b">eng</subfield>
        </datafield>
        <datafield tag="041" ind1=" " ind2=" ">
            <subfield code="a">arachiengfrerusspa</subfield>
        </datafield>
        <datafield tag="049" ind1=" " ind2=" ">
            <subfield code="a">usa</subfield>
        </datafield>
        <datafield tag="089" ind1=" " ind2=" ">
            <subfield code="b">B03</subfield>
        </datafield>
        <datafield tag="091" ind1=" " ind2=" ">
            <subfield code="a">GEN</subfield>
        </datafield>
        <datafield tag="099" ind1=" " ind2=" ">
            <subfield code="a">UNH</subfield>
            <subfield code="b">DHU</subfield>
            <subfield code="c">A(01)/R3</subfield>
            <subfield code="q">A01R3</subfield>
        </datafield>
        <datafield tag="191" ind1=" " ind2=" ">
            <subfield code="0">1221254</subfield>
            <subfield code="9">G88</subfield>
            <subfield code="a">A/65/PV.50</subfield>
            <subfield code="b">A/</subfield>
            <subfield code="c">65</subfield>
            <subfield code="q">A65PV50</subfield>
            <subfield code="r">A65</subfield>
        </datafield>
        <datafield tag="245" ind1="1" ind2="0">
            <subfield code="a">General Assembly official records, 65th session :</subfield>
            <subfield code="b">50th plenary meeting, Friday, 12 November 2010, New York</subfield>
        </datafield>
        <datafield tag="260" ind1=" " ind2=" ">
            <subfield code="a">[New York] :</subfield>
            <subfield code="b">UN,</subfield>
            <subfield code="c">[2011]</subfield>
        </datafield>
        <datafield tag="269" ind1=" " ind2=" ">
            <subfield code="a">2011</subfield>
        </datafield>
        <datafield tag="300" ind1=" " ind2=" ">
            <subfield code="a">31 p.</subfield>
        </datafield>
        <datafield tag="495" ind1=" " ind2=" ">
            <subfield code="a">GAOR, 65th sess., Meeting records</subfield>
        </datafield>
        <datafield tag="610" ind1="2" ind2="7">
            <subfield code="0">964755</subfield>
            <subfield code="2">unbisn</subfield>
            <subfield code="a">UN. Security Council</subfield>
            <subfield code="g">Work organization</subfield>
        </datafield>
        <datafield tag="610" ind1="2" ind2="7">
            <subfield code="0">934729</subfield>
            <subfield code="2">unbisn</subfield>
            <subfield code="a">UN. Security Council</subfield>
            <subfield code="g">Rules of procedure</subfield>
        </datafield>
        <datafield tag="650" ind1="1" ind2="7">
            <subfield code="0">1277950</subfield>
            <subfield code="2">unbist</subfield>
            <subfield code="a">INTERNATIONAL SECURITY</subfield>
        </datafield>
        <datafield tag="650" ind1="1" ind2="7">
            <subfield code="0">1284440</subfield>
            <subfield code="2">unbist</subfield>
            <subfield code="a">ORGANIZATIONAL REFORM</subfield>
        </datafield>
        <datafield tag="650" ind1="1" ind2="7">
            <subfield code="0">1277954</subfield>
            <subfield code="2">unbist</subfield>
            <subfield code="a">PEACEKEEPING OPERATIONS</subfield>
        </datafield>
        <datafield tag="650" ind1="1" ind2="7">
            <subfield code="0">1283968</subfield>
            <subfield code="2">unbist</subfield>
            <subfield code="a">REGIONAL SECURITY</subfield>
        </datafield>
        <datafield tag="650" ind1="2" ind2="7">
            <subfield code="0">1283185</subfield>
            <subfield code="2">unbist</subfield>
            <subfield code="a">CONSULTATIONS</subfield>
        </datafield>
        <datafield tag="650" ind1="2" ind2="7">
            <subfield code="0">1283261</subfield>
            <subfield code="2">unbist</subfield>
            <subfield code="a">REPORT PREPARATION</subfield>
        </datafield>
        <datafield tag="651" ind1="1" ind2="7">
            <subfield code="0">1282072</subfield>
            <subfield code="2">unbist</subfield>
            <subfield code="a">AFRICA</subfield>
        </datafield>
        <datafield tag="793" ind1=" " ind2=" ">
            <subfield code="a">PL</subfield>
        </datafield>
        <datafield tag="856" ind1="4" ind2=" ">
            <subfield code="s">442448</subfield>
            <subfield code="u">http://digitallibrary.un.org/record/699161/files/A_65_PV.50-AR.pdf</subfield>
            <subfield code="y">العربية</subfield>
        </datafield>
        <datafield tag="856" ind1="4" ind2=" ">
            <subfield code="s">368332</subfield>
            <subfield code="u">http://digitallibrary.un.org/record/699161/files/A_65_PV.50-ZH.pdf</subfield>
            <subfield code="y">中文</subfield>
        </datafield>
        <datafield tag="856" ind1="4" ind2=" ">
            <subfield code="s">266056</subfield>
            <subfield code="u">http://digitallibrary.un.org/record/699161/files/A_65_PV.50-EN.pdf</subfield>
            <subfield code="y">English</subfield>
        </datafield>
        <datafield tag="856" ind1="4" ind2=" ">
            <subfield code="s">300786</subfield>
            <subfield code="u">http://digitallibrary.un.org/record/699161/files/A_65_PV.50-FR.pdf</subfield>
            <subfield code="y">Français</subfield>
        </datafield>
        <datafield tag="856" ind1="4" ind2=" ">
            <subfield code="s">610986</subfield>
            <subfield code="u">http://digitallibrary.un.org/record/699161/files/A_65_PV.50-RU.pdf</subfield>
            <subfield code="y">Русский</subfield>
        </datafield>
        <datafield tag="856" ind1="4" ind2=" ">
            <subfield code="s">293481</subfield>
            <subfield code="u">http://digitallibrary.un.org/record/699161/files/A_65_PV.50-ES.pdf</subfield>
            <subfield code="y">Español</subfield>
        </datafield>
        <datafield tag="930" ind1=" " ind2=" ">
            <subfield code="a">UNDMA11</subfield>
        </datafield>
        <datafield tag="949" ind1=" " ind2=" ">
            <subfield code="9">A(01)/R3</subfield>
            <subfield code="b">1769289.5.1</subfield>
            <subfield code="c">c. 1</subfield>
            <subfield code="d">20110309190000</subfield>
            <subfield code="i">1769289</subfield>
            <subfield code="k">unss</subfield>
            <subfield code="l">DHL</subfield>
            <subfield code="m">14day</subfield>
            <subfield code="z">t</subfield>
        </datafield>
        <datafield tag="949" ind1=" " ind2=" ">
            <subfield code="9">A(01)/R3</subfield>
            <subfield code="b">1769287.3.1</subfield>
            <subfield code="c">c. 1</subfield>
            <subfield code="d">20110309190000</subfield>
            <subfield code="i">1769287</subfield>
            <subfield code="k">unfs</subfield>
            <subfield code="l">DHL</subfield>
            <subfield code="m">14day</subfield>
            <subfield code="z">t</subfield>
        </datafield>
        <datafield tag="949" ind1=" " ind2=" ">
            <subfield code="9">A(01)/R3</subfield>
            <subfield code="b">1769288.4.1</subfield>
            <subfield code="c">c. 1</subfield>
            <subfield code="d">20110309190000</subfield>
            <subfield code="i">1769288</subfield>
            <subfield code="k">unrs</subfield>
            <subfield code="l">DHL</subfield>
            <subfield code="m">14day</subfield>
            <subfield code="z">t</subfield>
        </datafield>
        <datafield tag="949" ind1=" " ind2=" ">
            <subfield code="9">A(01)/R3</subfield>
            <subfield code="b">1769285.1.1</subfield>
            <subfield code="c">c. 1</subfield>
            <subfield code="d">20110309190000</subfield>
            <subfield code="i">1769285</subfield>
            <subfield code="k">unas</subfield>
            <subfield code="l">DHL</subfield>
            <subfield code="m">14day</subfield>
            <subfield code="z">t</subfield>
        </datafield>
        <datafield tag="949" ind1=" " ind2=" ">
            <subfield code="9">A(01)/R3</subfield>
            <subfield code="b">10000000942069</subfield>
            <subfield code="c">c. 1</subfield>
            <subfield code="d">20110309190000</subfield>
            <subfield code="i">1769284</subfield>
            <subfield code="k">unes</subfield>
            <subfield code="l">DHL</subfield>
            <subfield code="m">14day</subfield>
            <subfield code="z">t</subfield>
        </datafield>
        <datafield tag="949" ind1=" " ind2=" ">
            <subfield code="9">A(01)/R3</subfield>
            <subfield code="b">1769286.2.1</subfield>
            <subfield code="c">c. 1</subfield>
            <subfield code="d">20110309190000</subfield>
            <subfield code="i">1769286</subfield>
            <subfield code="k">uncs</subfield>
            <subfield code="l">DHL</subfield>
            <subfield code="m">14day</subfield>
            <subfield code="z">t</subfield>
        </datafield>
        <datafield tag="980" ind1=" " ind2=" ">
            <subfield code="a">BIB</subfield>
        </datafield>
        <datafield tag="989" ind1=" " ind2=" ">
            <subfield code="a">Documents and Publications</subfield>
            <subfield code="b">Meeting Records</subfield>
            <subfield code="c">Verbatim Records</subfield>
        </datafield>
        <datafield tag="991" ind1="1" ind2=" ">
            <subfield code="0">1221389</subfield>
            <subfield code="a">A/65/251</subfield>
            <subfield code="b">29</subfield>
            <subfield code="c">Report of the Security Council.</subfield>
            <subfield code="d">UN. SECURITY COUNCIL--REPORTS (2009-2010)</subfield>
            <subfield code="e">At the 50th meeting, the Assembly took note of the report of the Security Council (A/65/2): decision 65/510</subfield>
            <subfield code="z">I</subfield>
        </datafield>
        <datafield tag="991" ind1="1" ind2=" ">
            <subfield code="0">1222011</subfield>
            <subfield code="a">A/65/251</subfield>
            <subfield code="b">119</subfield>
            <subfield code="c">Question of equitable representation on and increase in the membership of the Security Council and related matters.</subfield>
            <subfield code="d">UN. SECURITY COUNCIL--MEMBERSHIP</subfield>
            <subfield code="z">I</subfield>
        </datafield>
        <datafield tag="991" ind1="1" ind2=" ">
            <subfield code="0">1221282</subfield>
            <subfield code="a">A/65/251</subfield>
            <subfield code="b">7</subfield>
            <subfield code="c">Organization of work, adoption of the agenda and allocation of items : reports of the General Committee.</subfield>
            <subfield code="d">UN. GENERAL ASSEMBLY (65TH SESS. : 2010-2011)--AGENDA</subfield>
            <subfield code="e">At the 50th meeting, the Assembly extended the work of the Special Political and Decolonization Committee (4th Committee) for 1 additional meeting: decision 65/502</subfield>
            <subfield code="z">I</subfield>
        </datafield>
        <datafield tag="992" ind1=" " ind2=" ">
            <subfield code="a">20101112</subfield>
        </datafield>
        <datafield tag="998" ind1=" " ind2=" ">
            <subfield code="a">20110310044900</subfield>
            <subfield code="b">pnser</subfield>
            <subfield code="c">20160728064800</subfield>
            <subfield code="d">shkcat</subfield>
        </datafield>
        <datafield tag="999" ind1=" " ind2=" ">
            <subfield code="a">jmr20110311</subfield>
            <subfield code="b">20110311</subfield>
            <subfield code="c">r</subfield>
        </datafield>
        <datafield tag="999" ind1=" " ind2=" ">
            <subfield code="a">pnq20110310</subfield>
            <subfield code="b">20110310</subfield>
            <subfield code="c">q</subfield>
        </datafield>
        <datafield tag="999" ind1=" " ind2=" ">
            <subfield code="a">mhc20110310</subfield>
            <subfield code="b">20110310</subfield>
            <subfield code="c">c</subfield>
        </datafield>
        <datafield tag="999" ind1=" " ind2=" ">
            <subfield code="a">vwt20110321</subfield>
            <subfield code="b">20110321</subfield>
            <subfield code="c">t</subfield>
        </datafield>
        <datafield tag="999" ind1=" " ind2=" ">
            <subfield code="a">vwu20110321</subfield>
            <subfield code="b">20110321</subfield>
            <subfield code="c">u</subfield>
        </datafield>
        <datafield tag="999" ind1=" " ind2=" ">
            <subfield code="a">vwu20120217</subfield>
            <subfield code="b">20120217</subfield>
            <subfield code="c">u</subfield>
        </datafield>
    </record>