

    
    <record>
        <controlfield tag="001">698970</controlfield>
        <controlfield tag="000">00000nam\\22000255a\4500</controlfield>
        <controlfield tag="005">20170412204136.0</controlfield>
        <controlfield tag="008">110307s2011\\\\usa\\\\#r\\\\\|||1|\eng\d</controlfield>
        <datafield tag="029" ind1=" " ind2=" ">
            <subfield code="a">JN</subfield>
            <subfield code="b">N1125076 E</subfield>
        </datafield>
        <datafield tag="035" ind1=" " ind2=" ">
            <subfield code="a">D0379119</subfield>
        </datafield>
        <datafield tag="035" ind1=" " ind2=" ">
            <subfield code="a">(DHL)941857</subfield>
        </datafield>
        <datafield tag="039" ind1=" " ind2=" ">
            <subfield code="a">DHU</subfield>
        </datafield>
        <datafield tag="040" ind1=" " ind2=" ">
            <subfield code="a">NNUN</subfield>
            <subfield code="b">eng</subfield>
        </datafield>
        <datafield tag="041" ind1=" " ind2=" ">
            <subfield code="a">arachiengfrerusspa</subfield>
        </datafield>
        <datafield tag="049" ind1=" " ind2=" ">
            <subfield code="a">usa</subfield>
        </datafield>
        <datafield tag="089" ind1=" " ind2=" ">
            <subfield code="b">B03</subfield>
        </datafield>
        <datafield tag="089" ind1=" " ind2=" ">
            <subfield code="b">B07</subfield>
        </datafield>
        <datafield tag="091" ind1=" " ind2=" ">
            <subfield code="a">PRO</subfield>
        </datafield>
        <datafield tag="099" ind1=" " ind2=" ">
            <subfield code="a">UNH</subfield>
            <subfield code="b">DHU</subfield>
        </datafield>
        <datafield tag="191" ind1=" " ind2=" ">
            <subfield code="0">1229108</subfield>
            <subfield code="9">X88</subfield>
            <subfield code="a">S/PV.6493</subfield>
            <subfield code="b">S/</subfield>
            <subfield code="c">66</subfield>
            <subfield code="q">SPV6493</subfield>
            <subfield code="r">S66</subfield>
        </datafield>
        <datafield tag="245" ind1="1" ind2="0">
            <subfield code="a">Security Council, 66th year :</subfield>
            <subfield code="b">6493rd meeting, Thursday, 3 March 2011, New York</subfield>
        </datafield>
        <datafield tag="260" ind1=" " ind2=" ">
            <subfield code="a">[New York] :</subfield>
            <subfield code="b">UN,</subfield>
            <subfield code="c">[2011]</subfield>
        </datafield>
        <datafield tag="269" ind1=" " ind2=" ">
            <subfield code="a">2011</subfield>
        </datafield>
        <datafield tag="300" ind1=" " ind2=" ">
            <subfield code="a">2 p.</subfield>
        </datafield>
        <datafield tag="610" ind1="2" ind2="7">
            <subfield code="0">1137047</subfield>
            <subfield code="2">unbisn</subfield>
            <subfield code="a">UN Mission in Liberia</subfield>
        </datafield>
        <datafield tag="610" ind1="2" ind2="7">
            <subfield code="0">1100570</subfield>
            <subfield code="2">unbisn</subfield>
            <subfield code="a">Special Court for Sierra Leone</subfield>
        </datafield>
        <datafield tag="650" ind1="1" ind2="7">
            <subfield code="0">1283224</subfield>
            <subfield code="2">unbist</subfield>
            <subfield code="a">STAFF SECURITY</subfield>
        </datafield>
        <datafield tag="650" ind1="1" ind2="7">
            <subfield code="0">1283464</subfield>
            <subfield code="2">unbist</subfield>
            <subfield code="a">BUILDING SECURITY</subfield>
        </datafield>
        <datafield tag="651" ind1="1" ind2="7">
            <subfield code="0">1282118</subfield>
            <subfield code="2">unbist</subfield>
            <subfield code="a">SIERRA LEONE</subfield>
        </datafield>
        <datafield tag="651" ind1="1" ind2="7">
            <subfield code="0">1282101</subfield>
            <subfield code="2">unbist</subfield>
            <subfield code="a">LIBERIA</subfield>
        </datafield>
        <datafield tag="856" ind1="4" ind2=" ">
            <subfield code="s">88978</subfield>
            <subfield code="u">http://digitallibrary.un.org/record/698970/files/S_PV.6493-AR.pdf</subfield>
            <subfield code="y">العربية</subfield>
        </datafield>
        <datafield tag="856" ind1="4" ind2=" ">
            <subfield code="s">119091</subfield>
            <subfield code="u">http://digitallibrary.un.org/record/698970/files/S_PV.6493-ZH.pdf</subfield>
            <subfield code="y">中文</subfield>
        </datafield>
        <datafield tag="856" ind1="4" ind2=" ">
            <subfield code="s">80454</subfield>
            <subfield code="u">http://digitallibrary.un.org/record/698970/files/S_PV.6493-EN.pdf</subfield>
            <subfield code="y">English</subfield>
        </datafield>
        <datafield tag="856" ind1="4" ind2=" ">
            <subfield code="s">83333</subfield>
            <subfield code="u">http://digitallibrary.un.org/record/698970/files/S_PV.6493-FR.pdf</subfield>
            <subfield code="y">Français</subfield>
        </datafield>
        <datafield tag="856" ind1="4" ind2=" ">
            <subfield code="s">158876</subfield>
            <subfield code="u">http://digitallibrary.un.org/record/698970/files/S_PV.6493-RU.pdf</subfield>
            <subfield code="y">Русский</subfield>
        </datafield>
        <datafield tag="856" ind1="4" ind2=" ">
            <subfield code="s">81873</subfield>
            <subfield code="u">http://digitallibrary.un.org/record/698970/files/S_PV.6493-ES.pdf</subfield>
            <subfield code="y">Español</subfield>
        </datafield>
        <datafield tag="930" ind1=" " ind2=" ">
            <subfield code="a">UNDMA11</subfield>
        </datafield>
        <datafield tag="949" ind1=" " ind2=" ">
            <subfield code="9">S/PV.6493</subfield>
            <subfield code="b">1768720.1.1</subfield>
            <subfield code="c">c. 1</subfield>
            <subfield code="d">20110306190000</subfield>
            <subfield code="i">1768720</subfield>
            <subfield code="k">unes</subfield>
            <subfield code="l">DHL</subfield>
            <subfield code="m">14day</subfield>
            <subfield code="z">t</subfield>
        </datafield>
        <datafield tag="949" ind1=" " ind2=" ">
            <subfield code="9">S/PV.6493</subfield>
            <subfield code="b">1768723.4.1</subfield>
            <subfield code="c">c. 1</subfield>
            <subfield code="d">20110306190000</subfield>
            <subfield code="i">1768723</subfield>
            <subfield code="k">unrs</subfield>
            <subfield code="l">DHL</subfield>
            <subfield code="m">14day</subfield>
            <subfield code="z">t</subfield>
        </datafield>
        <datafield tag="949" ind1=" " ind2=" ">
            <subfield code="9">S/PV.6493</subfield>
            <subfield code="b">1768722.3.1</subfield>
            <subfield code="c">c. 1</subfield>
            <subfield code="d">20110306190000</subfield>
            <subfield code="i">1768722</subfield>
            <subfield code="k">unfs</subfield>
            <subfield code="l">DHL</subfield>
            <subfield code="m">14day</subfield>
            <subfield code="z">t</subfield>
        </datafield>
        <datafield tag="949" ind1=" " ind2=" ">
            <subfield code="9">S/PV.6493</subfield>
            <subfield code="b">10000009418571</subfield>
            <subfield code="c">c. 1</subfield>
            <subfield code="d">20110306190000</subfield>
            <subfield code="i">1768718</subfield>
            <subfield code="k">unas</subfield>
            <subfield code="l">DHL</subfield>
            <subfield code="m">14day</subfield>
            <subfield code="z">t</subfield>
        </datafield>
        <datafield tag="949" ind1=" " ind2=" ">
            <subfield code="9">S/PV.6493</subfield>
            <subfield code="b">1768724.5.1</subfield>
            <subfield code="c">c. 1</subfield>
            <subfield code="d">20110306190000</subfield>
            <subfield code="i">1768724</subfield>
            <subfield code="k">unss</subfield>
            <subfield code="l">DHL</subfield>
            <subfield code="m">14day</subfield>
            <subfield code="z">t</subfield>
        </datafield>
        <datafield tag="949" ind1=" " ind2=" ">
            <subfield code="9">S/PV.6493</subfield>
            <subfield code="b">1768721.2.1</subfield>
            <subfield code="c">c. 1</subfield>
            <subfield code="d">20110306190000</subfield>
            <subfield code="i">1768721</subfield>
            <subfield code="k">uncs</subfield>
            <subfield code="l">DHL</subfield>
            <subfield code="m">14day</subfield>
            <subfield code="z">t</subfield>
        </datafield>
        <datafield tag="980" ind1=" " ind2=" ">
            <subfield code="a">BIB</subfield>
        </datafield>
        <datafield tag="989" ind1=" " ind2=" ">
            <subfield code="a">Documents and Publications</subfield>
            <subfield code="b">Meeting Records</subfield>
            <subfield code="c">Verbatim Records</subfield>
        </datafield>
        <datafield tag="991" ind1="3" ind2=" ">
            <subfield code="0">1228905</subfield>
            <subfield code="a">S/66</subfield>
            <subfield code="b">[301]</subfield>
            <subfield code="d">SPECIAL COURT FOR SIERRA LEONE</subfield>
            <subfield code="e">At the 6493rd meeting, draft resolution S/2011/106 was adopted unanimously: resolution 1971 (2011)</subfield>
            <subfield code="z">I</subfield>
        </datafield>
        <datafield tag="991" ind1="3" ind2=" ">
            <subfield code="0">1228934</subfield>
            <subfield code="a">S/66</subfield>
            <subfield code="b">[90]</subfield>
            <subfield code="d">UN MISSION IN LIBERIA</subfield>
            <subfield code="e">At the 6493rd meeting, draft resolution S/2011/106 was adopted unanimously: resolution 1971 (2011)</subfield>
            <subfield code="z">I</subfield>
        </datafield>
        <datafield tag="992" ind1=" " ind2=" ">
            <subfield code="a">20110303</subfield>
        </datafield>
        <datafield tag="998" ind1=" " ind2=" ">
            <subfield code="a">20110307044000</subfield>
            <subfield code="b">bccat</subfield>
            <subfield code="c">20120522060500</subfield>
            <subfield code="d">vwcat2</subfield>
        </datafield>
        <datafield tag="999" ind1=" " ind2=" ">
            <subfield code="a">mhr20110307</subfield>
            <subfield code="b">20110307</subfield>
            <subfield code="c">r</subfield>
        </datafield>
        <datafield tag="999" ind1=" " ind2=" ">
            <subfield code="a">bcq20110307</subfield>
            <subfield code="b">20110307</subfield>
            <subfield code="c">q</subfield>
        </datafield>
        <datafield tag="999" ind1=" " ind2=" ">
            <subfield code="a">mhc20110307</subfield>
            <subfield code="b">20110307</subfield>
            <subfield code="c">c</subfield>
        </datafield>
        <datafield tag="999" ind1=" " ind2=" ">
            <subfield code="a">vwt20110315</subfield>
            <subfield code="b">20110315</subfield>
            <subfield code="c">t</subfield>
        </datafield>
        <datafield tag="999" ind1=" " ind2=" ">
            <subfield code="a">vwu20120522</subfield>
            <subfield code="b">20120522</subfield>
            <subfield code="c">u</subfield>
        </datafield>
    </record>