

    
    <record>
        <controlfield tag="001">698588</controlfield>
        <controlfield tag="000">00000nam\\2200025#a\4500</controlfield>
        <controlfield tag="005">20170412204128.0</controlfield>
        <controlfield tag="008">110301s2011\\\\usa\\\\#r\\\\\|||1|\eng\d</controlfield>
        <datafield tag="029" ind1=" " ind2=" ">
            <subfield code="a">JN</subfield>
            <subfield code="b">N1024227 E</subfield>
        </datafield>
        <datafield tag="035" ind1=" " ind2=" ">
            <subfield code="a">D0379027</subfield>
        </datafield>
        <datafield tag="035" ind1=" " ind2=" ">
            <subfield code="a">(DHL)941429</subfield>
        </datafield>
        <datafield tag="039" ind1=" " ind2=" ">
            <subfield code="a">DHU</subfield>
        </datafield>
        <datafield tag="040" ind1=" " ind2=" ">
            <subfield code="a">NNUN</subfield>
            <subfield code="b">eng</subfield>
        </datafield>
        <datafield tag="041" ind1=" " ind2=" ">
            <subfield code="a">arachiengfrerusspa</subfield>
        </datafield>
        <datafield tag="049" ind1=" " ind2=" ">
            <subfield code="a">usa</subfield>
        </datafield>
        <datafield tag="089" ind1=" " ind2=" ">
            <subfield code="b">B03</subfield>
        </datafield>
        <datafield tag="089" ind1=" " ind2=" ">
            <subfield code="b">B07</subfield>
        </datafield>
        <datafield tag="091" ind1=" " ind2=" ">
            <subfield code="a">PRO</subfield>
        </datafield>
        <datafield tag="099" ind1=" " ind2=" ">
            <subfield code="a">UNH</subfield>
            <subfield code="b">DHU</subfield>
        </datafield>
        <datafield tag="191" ind1=" " ind2=" ">
            <subfield code="0">1229108</subfield>
            <subfield code="9">X88</subfield>
            <subfield code="a">S/PV.6487</subfield>
            <subfield code="b">S/</subfield>
            <subfield code="c">66</subfield>
            <subfield code="q">SPV6487</subfield>
            <subfield code="r">S66</subfield>
        </datafield>
        <datafield tag="245" ind1="1" ind2="0">
            <subfield code="a">Security Council, 66th year :</subfield>
            <subfield code="b">6487th meeting, Thursday, 24 February 2011, New York</subfield>
        </datafield>
        <datafield tag="260" ind1=" " ind2=" ">
            <subfield code="a">[New York] :</subfield>
            <subfield code="b">UN,</subfield>
            <subfield code="c">[2011]</subfield>
        </datafield>
        <datafield tag="269" ind1=" " ind2=" ">
            <subfield code="a">2011</subfield>
        </datafield>
        <datafield tag="300" ind1=" " ind2=" ">
            <subfield code="a">2 p.</subfield>
        </datafield>
        <datafield tag="610" ind1="2" ind2="7">
            <subfield code="0">1178528</subfield>
            <subfield code="2">unbisn</subfield>
            <subfield code="a">UN Integrated Mission in Timor-Leste</subfield>
        </datafield>
        <datafield tag="650" ind1="1" ind2="7">
            <subfield code="0">1277954</subfield>
            <subfield code="2">unbist</subfield>
            <subfield code="a">PEACEKEEPING OPERATIONS</subfield>
        </datafield>
        <datafield tag="650" ind1="1" ind2="7">
            <subfield code="0">1277830</subfield>
            <subfield code="2">unbist</subfield>
            <subfield code="a">INTERNAL SECURITY</subfield>
        </datafield>
        <datafield tag="650" ind1="1" ind2="7">
            <subfield code="0">1282419</subfield>
            <subfield code="2">unbist</subfield>
            <subfield code="a">POLITICAL CONDITIONS</subfield>
        </datafield>
        <datafield tag="651" ind1="1" ind2="7">
            <subfield code="0">1282196</subfield>
            <subfield code="2">unbist</subfield>
            <subfield code="a">TIMOR-LESTE</subfield>
        </datafield>
        <datafield tag="856" ind1="4" ind2=" ">
            <subfield code="s">84993</subfield>
            <subfield code="u">http://digitallibrary.un.org/record/698588/files/S_PV.6487-AR.pdf</subfield>
            <subfield code="y">العربية</subfield>
        </datafield>
        <datafield tag="856" ind1="4" ind2=" ">
            <subfield code="s">111997</subfield>
            <subfield code="u">http://digitallibrary.un.org/record/698588/files/S_PV.6487-ZH.pdf</subfield>
            <subfield code="y">中文</subfield>
        </datafield>
        <datafield tag="856" ind1="4" ind2=" ">
            <subfield code="s">79340</subfield>
            <subfield code="u">http://digitallibrary.un.org/record/698588/files/S_PV.6487-EN.pdf</subfield>
            <subfield code="y">English</subfield>
        </datafield>
        <datafield tag="856" ind1="4" ind2=" ">
            <subfield code="s">82860</subfield>
            <subfield code="u">http://digitallibrary.un.org/record/698588/files/S_PV.6487-FR.pdf</subfield>
            <subfield code="y">Français</subfield>
        </datafield>
        <datafield tag="856" ind1="4" ind2=" ">
            <subfield code="s">157055</subfield>
            <subfield code="u">http://digitallibrary.un.org/record/698588/files/S_PV.6487-RU.pdf</subfield>
            <subfield code="y">Русский</subfield>
        </datafield>
        <datafield tag="856" ind1="4" ind2=" ">
            <subfield code="s">122939</subfield>
            <subfield code="u">http://digitallibrary.un.org/record/698588/files/S_PV.6487-ES.pdf</subfield>
            <subfield code="y">Español</subfield>
        </datafield>
        <datafield tag="930" ind1=" " ind2=" ">
            <subfield code="a">UNDMA11</subfield>
        </datafield>
        <datafield tag="949" ind1=" " ind2=" ">
            <subfield code="9">S/PV.6487</subfield>
            <subfield code="b">1767710.2.1</subfield>
            <subfield code="c">c. 1</subfield>
            <subfield code="d">20110228190000</subfield>
            <subfield code="i">1767710</subfield>
            <subfield code="k">uncs</subfield>
            <subfield code="l">DHL</subfield>
            <subfield code="m">14day</subfield>
            <subfield code="z">t</subfield>
        </datafield>
        <datafield tag="949" ind1=" " ind2=" ">
            <subfield code="9">S/PV.6487</subfield>
            <subfield code="b">1767713.5.1</subfield>
            <subfield code="c">c. 1</subfield>
            <subfield code="d">20110228190000</subfield>
            <subfield code="i">1767713</subfield>
            <subfield code="k">unss</subfield>
            <subfield code="l">DHL</subfield>
            <subfield code="m">14day</subfield>
            <subfield code="z">t</subfield>
        </datafield>
        <datafield tag="949" ind1=" " ind2=" ">
            <subfield code="9">S/PV.6487</subfield>
            <subfield code="b">1767712.4.1</subfield>
            <subfield code="c">c. 1</subfield>
            <subfield code="d">20110228190000</subfield>
            <subfield code="i">1767712</subfield>
            <subfield code="k">unrs</subfield>
            <subfield code="l">DHL</subfield>
            <subfield code="m">14day</subfield>
            <subfield code="z">t</subfield>
        </datafield>
        <datafield tag="949" ind1=" " ind2=" ">
            <subfield code="9">S/PV.6487</subfield>
            <subfield code="b">1767711.3.1</subfield>
            <subfield code="c">c. 1</subfield>
            <subfield code="d">20110228190000</subfield>
            <subfield code="i">1767711</subfield>
            <subfield code="k">unfs</subfield>
            <subfield code="l">DHL</subfield>
            <subfield code="m">14day</subfield>
            <subfield code="z">t</subfield>
        </datafield>
        <datafield tag="949" ind1=" " ind2=" ">
            <subfield code="9">S/PV.6487</subfield>
            <subfield code="b">1767709.1.1</subfield>
            <subfield code="c">c. 1</subfield>
            <subfield code="d">20110228190000</subfield>
            <subfield code="i">1767709</subfield>
            <subfield code="k">unas</subfield>
            <subfield code="l">DHL</subfield>
            <subfield code="m">14day</subfield>
            <subfield code="z">t</subfield>
        </datafield>
        <datafield tag="949" ind1=" " ind2=" ">
            <subfield code="9">S/PV.6487</subfield>
            <subfield code="b">10000000941429</subfield>
            <subfield code="c">c. 1</subfield>
            <subfield code="d">20110228190000</subfield>
            <subfield code="i">1767708</subfield>
            <subfield code="k">unes</subfield>
            <subfield code="l">DHL</subfield>
            <subfield code="m">14day</subfield>
            <subfield code="z">t</subfield>
        </datafield>
        <datafield tag="980" ind1=" " ind2=" ">
            <subfield code="a">BIB</subfield>
        </datafield>
        <datafield tag="989" ind1=" " ind2=" ">
            <subfield code="a">Documents and Publications</subfield>
            <subfield code="b">Meeting Records</subfield>
            <subfield code="c">Verbatim Records</subfield>
        </datafield>
        <datafield tag="991" ind1="3" ind2=" ">
            <subfield code="0">1228872</subfield>
            <subfield code="a">S/66</subfield>
            <subfield code="b">[179]</subfield>
            <subfield code="d">UN INTEGRATED MISSION IN TIMOR-LESTE</subfield>
            <subfield code="e">At the 6487th meeting, draft resolution S/2011/86 was adopted unanimously: resolution 1969 (2011) </subfield>
            <subfield code="z">I</subfield>
        </datafield>
        <datafield tag="991" ind1="3" ind2=" ">
            <subfield code="0">1228874</subfield>
            <subfield code="a">S/66</subfield>
            <subfield code="b">[180]</subfield>
            <subfield code="d">TIMOR-LESTE SITUATION</subfield>
            <subfield code="e">At the 6487th meeting, draft resolution S/2011/86 was adopted unanimously: resolution 1969 (2011) </subfield>
            <subfield code="z">I</subfield>
        </datafield>
        <datafield tag="992" ind1=" " ind2=" ">
            <subfield code="a">20110224</subfield>
        </datafield>
        <datafield tag="998" ind1=" " ind2=" ">
            <subfield code="a">20110301042100</subfield>
            <subfield code="b">pnser</subfield>
            <subfield code="c">20160728064800</subfield>
            <subfield code="d">shkcat</subfield>
        </datafield>
        <datafield tag="999" ind1=" " ind2=" ">
            <subfield code="a">jmr20110302</subfield>
            <subfield code="b">20110302</subfield>
            <subfield code="c">r</subfield>
        </datafield>
        <datafield tag="999" ind1=" " ind2=" ">
            <subfield code="a">pnq20110301</subfield>
            <subfield code="b">20110301</subfield>
            <subfield code="c">q</subfield>
        </datafield>
        <datafield tag="999" ind1=" " ind2=" ">
            <subfield code="a">mhc20110301</subfield>
            <subfield code="b">20110301</subfield>
            <subfield code="c">c</subfield>
        </datafield>
        <datafield tag="999" ind1=" " ind2=" ">
            <subfield code="a">vwt20110315</subfield>
            <subfield code="b">20110315</subfield>
            <subfield code="c">t</subfield>
        </datafield>
    </record>