

    
    <record>
        <controlfield tag="001">698345</controlfield>
        <controlfield tag="000">00000nam\\2200025#a\4500</controlfield>
        <controlfield tag="005">20170412204123.0</controlfield>
        <controlfield tag="008">110224s2011\\\\usa\\\\#r\\\\\|||1|\eng\d</controlfield>
        <datafield tag="029" ind1=" " ind2=" ">
            <subfield code="a">JN</subfield>
            <subfield code="b">N1123845 E</subfield>
        </datafield>
        <datafield tag="035" ind1=" " ind2=" ">
            <subfield code="a">D0378918</subfield>
        </datafield>
        <datafield tag="035" ind1=" " ind2=" ">
            <subfield code="a">(DHL)941171</subfield>
        </datafield>
        <datafield tag="039" ind1=" " ind2=" ">
            <subfield code="a">DHU</subfield>
        </datafield>
        <datafield tag="040" ind1=" " ind2=" ">
            <subfield code="a">NNUN</subfield>
            <subfield code="b">eng</subfield>
        </datafield>
        <datafield tag="041" ind1=" " ind2=" ">
            <subfield code="a">arachiengfrerusspa</subfield>
        </datafield>
        <datafield tag="049" ind1=" " ind2=" ">
            <subfield code="a">usa</subfield>
        </datafield>
        <datafield tag="089" ind1=" " ind2=" ">
            <subfield code="b">B03</subfield>
        </datafield>
        <datafield tag="089" ind1=" " ind2=" ">
            <subfield code="b">B06</subfield>
        </datafield>
        <datafield tag="089" ind1=" " ind2=" ">
            <subfield code="b">B07</subfield>
        </datafield>
        <datafield tag="091" ind1=" " ind2=" ">
            <subfield code="a">PRO</subfield>
        </datafield>
        <datafield tag="099" ind1=" " ind2=" ">
            <subfield code="a">UNH</subfield>
            <subfield code="b">DHU</subfield>
        </datafield>
        <datafield tag="191" ind1=" " ind2=" ">
            <subfield code="0">1229108</subfield>
            <subfield code="9">X88</subfield>
            <subfield code="a">S/PV.6484</subfield>
            <subfield code="b">S/</subfield>
            <subfield code="c">66</subfield>
            <subfield code="q">SPV6484</subfield>
            <subfield code="r">S66</subfield>
        </datafield>
        <datafield tag="245" ind1="1" ind2="0">
            <subfield code="a">Security Council, 66th year :</subfield>
            <subfield code="b">6484th meeting, Friday, 18 February 2011, New York</subfield>
        </datafield>
        <datafield tag="260" ind1=" " ind2=" ">
            <subfield code="a">[New York] :</subfield>
            <subfield code="b">UN,</subfield>
            <subfield code="c">[2011]</subfield>
        </datafield>
        <datafield tag="269" ind1=" " ind2=" ">
            <subfield code="a">2011</subfield>
        </datafield>
        <datafield tag="300" ind1=" " ind2=" ">
            <subfield code="a">11 p.</subfield>
        </datafield>
        <datafield tag="610" ind1="2" ind2="7">
            <subfield code="0">1137679</subfield>
            <subfield code="2">unbisn</subfield>
            <subfield code="a">Quartet</subfield>
        </datafield>
        <datafield tag="630" ind1="0" ind2="7">
            <subfield code="0">1137678</subfield>
            <subfield code="2">unbisn</subfield>
            <subfield code="a">Road Map to a Permanent Two-State Solution to the Israeli-Palestinian Conflict</subfield>
        </datafield>
        <datafield tag="650" ind1="1" ind2="7">
            <subfield code="0">1283052</subfield>
            <subfield code="2">unbist</subfield>
            <subfield code="a">SETTLEMENT POLICY</subfield>
        </datafield>
        <datafield tag="650" ind1="1" ind2="7">
            <subfield code="0">1278084</subfield>
            <subfield code="2">unbist</subfield>
            <subfield code="a">TERRITORIES OCCUPIED BY ISRAEL</subfield>
        </datafield>
        <datafield tag="650" ind1="1" ind2="7">
            <subfield code="0">1278082</subfield>
            <subfield code="2">unbist</subfield>
            <subfield code="a">PALESTINE QUESTION</subfield>
        </datafield>
        <datafield tag="650" ind1="1" ind2="7">
            <subfield code="0">1278078</subfield>
            <subfield code="2">unbist</subfield>
            <subfield code="a">MIDDLE EAST SITUATION</subfield>
        </datafield>
        <datafield tag="650" ind1="1" ind2="7">
            <subfield code="0">1277952</subfield>
            <subfield code="2">unbist</subfield>
            <subfield code="a">NEGOTIATION</subfield>
        </datafield>
        <datafield tag="651" ind1="1" ind2="7">
            <subfield code="0">1282239</subfield>
            <subfield code="2">unbist</subfield>
            <subfield code="a">ISRAEL</subfield>
        </datafield>
        <datafield tag="651" ind1="1" ind2="7">
            <subfield code="0">1276808</subfield>
            <subfield code="2">unbist</subfield>
            <subfield code="a">JERUSALEM</subfield>
        </datafield>
        <datafield tag="856" ind1="4" ind2=" ">
            <subfield code="s">209884</subfield>
            <subfield code="u">http://digitallibrary.un.org/record/698345/files/S_PV.6484-AR.pdf</subfield>
            <subfield code="y">العربية</subfield>
        </datafield>
        <datafield tag="856" ind1="4" ind2=" ">
            <subfield code="s">259765</subfield>
            <subfield code="u">http://digitallibrary.un.org/record/698345/files/S_PV.6484-ZH.pdf</subfield>
            <subfield code="y">中文</subfield>
        </datafield>
        <datafield tag="856" ind1="4" ind2=" ">
            <subfield code="s">165499</subfield>
            <subfield code="u">http://digitallibrary.un.org/record/698345/files/S_PV.6484-EN.pdf</subfield>
            <subfield code="y">English</subfield>
        </datafield>
        <datafield tag="856" ind1="4" ind2=" ">
            <subfield code="s">179242</subfield>
            <subfield code="u">http://digitallibrary.un.org/record/698345/files/S_PV.6484-FR.pdf</subfield>
            <subfield code="y">Français</subfield>
        </datafield>
        <datafield tag="856" ind1="4" ind2=" ">
            <subfield code="s">312767</subfield>
            <subfield code="u">http://digitallibrary.un.org/record/698345/files/S_PV.6484-RU.pdf</subfield>
            <subfield code="y">Русский</subfield>
        </datafield>
        <datafield tag="856" ind1="4" ind2=" ">
            <subfield code="s">195461</subfield>
            <subfield code="u">http://digitallibrary.un.org/record/698345/files/S_PV.6484-ES.pdf</subfield>
            <subfield code="y">Español</subfield>
        </datafield>
        <datafield tag="930" ind1=" " ind2=" ">
            <subfield code="a">UNDFE11</subfield>
        </datafield>
        <datafield tag="949" ind1=" " ind2=" ">
            <subfield code="9">S/PV.6484</subfield>
            <subfield code="b">1767072.2.1</subfield>
            <subfield code="c">c. 1</subfield>
            <subfield code="d">20110223190000</subfield>
            <subfield code="i">1767072</subfield>
            <subfield code="k">uncs</subfield>
            <subfield code="l">DHL</subfield>
            <subfield code="m">14day</subfield>
            <subfield code="z">t</subfield>
        </datafield>
        <datafield tag="949" ind1=" " ind2=" ">
            <subfield code="9">S/PV.6484</subfield>
            <subfield code="b">1767074.4.1</subfield>
            <subfield code="c">c. 1</subfield>
            <subfield code="d">20110223190000</subfield>
            <subfield code="i">1767074</subfield>
            <subfield code="k">unrs</subfield>
            <subfield code="l">DHL</subfield>
            <subfield code="m">14day</subfield>
            <subfield code="z">t</subfield>
        </datafield>
        <datafield tag="949" ind1=" " ind2=" ">
            <subfield code="9">S/PV.6484</subfield>
            <subfield code="b">1767071.1.1</subfield>
            <subfield code="c">c. 1</subfield>
            <subfield code="d">20110223190000</subfield>
            <subfield code="i">1767071</subfield>
            <subfield code="k">unas</subfield>
            <subfield code="l">DHL</subfield>
            <subfield code="m">14day</subfield>
            <subfield code="z">t</subfield>
        </datafield>
        <datafield tag="949" ind1=" " ind2=" ">
            <subfield code="9">S/PV.6484</subfield>
            <subfield code="b">1767073.3.1</subfield>
            <subfield code="c">c. 1</subfield>
            <subfield code="d">20110223190000</subfield>
            <subfield code="i">1767073</subfield>
            <subfield code="k">unfs</subfield>
            <subfield code="l">DHL</subfield>
            <subfield code="m">14day</subfield>
            <subfield code="z">t</subfield>
        </datafield>
        <datafield tag="949" ind1=" " ind2=" ">
            <subfield code="9">S/PV.6484</subfield>
            <subfield code="b">10000000941171</subfield>
            <subfield code="c">c. 1</subfield>
            <subfield code="d">20110223190000</subfield>
            <subfield code="i">1767070</subfield>
            <subfield code="k">unes</subfield>
            <subfield code="l">DHL</subfield>
            <subfield code="m">14day</subfield>
            <subfield code="z">t</subfield>
        </datafield>
        <datafield tag="949" ind1=" " ind2=" ">
            <subfield code="9">S/PV.6484</subfield>
            <subfield code="b">1767075.5.1</subfield>
            <subfield code="c">c. 1</subfield>
            <subfield code="d">20110223190000</subfield>
            <subfield code="i">1767075</subfield>
            <subfield code="k">unss</subfield>
            <subfield code="l">DHL</subfield>
            <subfield code="m">14day</subfield>
            <subfield code="z">t</subfield>
        </datafield>
        <datafield tag="980" ind1=" " ind2=" ">
            <subfield code="a">BIB</subfield>
        </datafield>
        <datafield tag="989" ind1=" " ind2=" ">
            <subfield code="a">Documents and Publications</subfield>
            <subfield code="b">Meeting Records</subfield>
            <subfield code="c">Verbatim Records</subfield>
        </datafield>
        <datafield tag="991" ind1="3" ind2=" ">
            <subfield code="0">1228916</subfield>
            <subfield code="a">S/66</subfield>
            <subfield code="b">[50]</subfield>
            <subfield code="d">PALESTINE QUESTION</subfield>
            <subfield code="e">Participation by non-Council members (without right to vote): Afghanistan, Algeria, Argentina, Austria, Azerbaijan, Bahrain, Bangladesh, Belarus, Belgium, Plurinational State of Bolivia, Botswana, Brunei Darussalam, Chile, Comoros, Costa Rica, Cuba, Cyprus, Democratic People's Republic of Korea, Djibouti, Ecuador, Egypt, Finland, Greece, Grenada, Guatemala, Guinea, Guyana, Iceland, Indonesia, Iraq, Ireland, Israel, Jordan, Kuwait, Lao People's Democratic Republic, Lesotho, Liechtenstein, Luxembourg, Malaysia, Mali, Malta, Mauritania, Mauritius, Mexico, Morocco, Namibia, Nicaragua, Norway, Oman, Pakistan, Papua New Guinea, Peru, Philippines, Qatar, Saint Vincent and the Grenadines, Saudi Arabia, Senegal, Serbia, Slovenia, Somalia, Sudan, Sweden, Switzerland, Tajikistan, Tunisia, Turkey, Turkmenistan, United Arab Emirates, Uruguay, Bolivarian Republic of Venezuela, Viet Nam, Yemen, Zimbabwe and Palestine</subfield>
            <subfield code="f">X27</subfield>
            <subfield code="z">I</subfield>
        </datafield>
        <datafield tag="991" ind1="3" ind2=" ">
            <subfield code="0">1228918</subfield>
            <subfield code="a">S/66</subfield>
            <subfield code="b">[53]</subfield>
            <subfield code="d">TERRITORIES OCCUPIED BY ISRAEL</subfield>
            <subfield code="e">Participation by non-Council members (without right to vote): Afghanistan, Algeria, Argentina, Austria, Azerbaijan, Bahrain, Bangladesh, Belarus, Belgium, Plurinational State of Bolivia, Botswana, Brunei Darussalam, Chile, Comoros, Costa Rica, Cuba, Cyprus, Democratic People's Republic of Korea, Djibouti, Ecuador, Egypt, Finland, Greece, Grenada, Guatemala, Guinea, Guyana, Iceland, Indonesia, Iraq, Ireland, Israel, Jordan, Kuwait, Lao People's Democratic Republic, Lesotho, Liechtenstein, Luxembourg, Malaysia, Mali, Malta, Mauritania, Mauritius, Mexico, Morocco, Namibia, Nicaragua, Norway, Oman, Pakistan, Papua New Guinea, Peru, Philippines, Qatar, Saint Vincent and the Grenadines, Saudi Arabia, Senegal, Serbia, Slovenia, Somalia, Sudan, Sweden, Switzerland, Tajikistan, Tunisia, Turkey, Turkmenistan, United Arab Emirates, Uruguay, Bolivarian Republic of Venezuela, Viet Nam, Yemen, Zimbabwe and Palestine</subfield>
            <subfield code="f">X27</subfield>
            <subfield code="z">I</subfield>
        </datafield>
        <datafield tag="991" ind1="3" ind2=" ">
            <subfield code="0">1228919</subfield>
            <subfield code="a">S/66</subfield>
            <subfield code="b">[54]</subfield>
            <subfield code="d">MIDDLE EAST SITUATION</subfield>
            <subfield code="e">Participation by non-Council members (without right to vote): Afghanistan, Algeria, Argentina, Austria, Azerbaijan, Bahrain, Bangladesh, Belarus, Belgium, Plurinational State of Bolivia, Botswana, Brunei Darussalam, Chile, Comoros, Costa Rica, Cuba, Cyprus, Democratic People's Republic of Korea, Djibouti, Ecuador, Egypt, Finland, Greece, Grenada, Guatemala, Guinea, Guyana, Iceland, Indonesia, Iraq, Ireland, Israel, Jordan, Kuwait, Lao People's Democratic Republic, Lesotho, Liechtenstein, Luxembourg, Malaysia, Mali, Malta, Mauritania, Mauritius, Mexico, Morocco, Namibia, Nicaragua, Norway, Oman, Pakistan, Papua New Guinea, Peru, Philippines, Qatar, Saint Vincent and the Grenadines, Saudi Arabia, Senegal, Serbia, Slovenia, Somalia, Sudan, Sweden, Switzerland, Tajikistan, Tunisia, Turkey, Turkmenistan, United Arab Emirates, Uruguay, Bolivarian Republic of Venezuela, Viet Nam, Yemen, Zimbabwe and Palestine</subfield>
            <subfield code="f">X27</subfield>
            <subfield code="z">I</subfield>
        </datafield>
        <datafield tag="991" ind1="3" ind2=" ">
            <subfield code="0">1228916</subfield>
            <subfield code="a">S/66</subfield>
            <subfield code="b">[50]</subfield>
            <subfield code="d">PALESTINE QUESTION</subfield>
            <subfield code="e">At the 6484th meeting, draft resolution S/2011/24 was not adopted (14-1-0) due to the negative vote of a permanent member of the Security Council (United States)</subfield>
            <subfield code="z">I</subfield>
        </datafield>
        <datafield tag="991" ind1="3" ind2=" ">
            <subfield code="0">1228918</subfield>
            <subfield code="a">S/66</subfield>
            <subfield code="b">[53]</subfield>
            <subfield code="d">TERRITORIES OCCUPIED BY ISRAEL</subfield>
            <subfield code="e">At the 6484th meeting, draft resolution S/2011/24 was not adopted (14-1-0) due to the negative vote of a permanent member of the Security Council (United States)</subfield>
            <subfield code="z">I</subfield>
        </datafield>
        <datafield tag="991" ind1="3" ind2=" ">
            <subfield code="0">1228919</subfield>
            <subfield code="a">S/66</subfield>
            <subfield code="b">[54]</subfield>
            <subfield code="d">MIDDLE EAST SITUATION</subfield>
            <subfield code="e">At the 6484th meeting, draft resolution S/2011/24 was not adopted (14-1-0) due to the negative vote of a permanent member of the Security Council (United States)</subfield>
            <subfield code="z">I</subfield>
        </datafield>
        <datafield tag="992" ind1=" " ind2=" ">
            <subfield code="a">20110218</subfield>
        </datafield>
        <datafield tag="998" ind1=" " ind2=" ">
            <subfield code="a">20110224051100</subfield>
            <subfield code="b">bccat</subfield>
            <subfield code="c">20151110062100</subfield>
            <subfield code="d">vvcat</subfield>
        </datafield>
        <datafield tag="999" ind1=" " ind2=" ">
            <subfield code="a">jmr20110224</subfield>
            <subfield code="b">20110224</subfield>
            <subfield code="c">r</subfield>
        </datafield>
        <datafield tag="999" ind1=" " ind2=" ">
            <subfield code="a">jmc20110224</subfield>
            <subfield code="b">20110224</subfield>
            <subfield code="c">c</subfield>
        </datafield>
        <datafield tag="999" ind1=" " ind2=" ">
            <subfield code="a">bci20110224</subfield>
            <subfield code="b">20110224</subfield>
            <subfield code="c">i</subfield>
        </datafield>
        <datafield tag="999" ind1=" " ind2=" ">
            <subfield code="a">bcq20110224</subfield>
            <subfield code="b">20110224</subfield>
            <subfield code="c">q</subfield>
        </datafield>
        <datafield tag="999" ind1=" " ind2=" ">
            <subfield code="a">vwt20110321</subfield>
            <subfield code="b">20110321</subfield>
            <subfield code="c">t</subfield>
        </datafield>
    </record>