

    
    <record>
        <controlfield tag="001">697873</controlfield>
        <controlfield tag="000">00000nam\\2200025#a\4500</controlfield>
        <controlfield tag="005">20170412204740.0</controlfield>
        <controlfield tag="008">110214s2011\\\\usa\\\\#r\\\\\|||1|\eng\d</controlfield>
        <datafield tag="029" ind1=" " ind2=" ">
            <subfield code="a">JN</subfield>
            <subfield code="b">N1122913 E</subfield>
        </datafield>
        <datafield tag="035" ind1=" " ind2=" ">
            <subfield code="a">D0378789</subfield>
        </datafield>
        <datafield tag="035" ind1=" " ind2=" ">
            <subfield code="a">(DHL)940616</subfield>
        </datafield>
        <datafield tag="039" ind1=" " ind2=" ">
            <subfield code="a">DHU</subfield>
        </datafield>
        <datafield tag="040" ind1=" " ind2=" ">
            <subfield code="a">NNUN</subfield>
            <subfield code="b">eng</subfield>
        </datafield>
        <datafield tag="041" ind1=" " ind2=" ">
            <subfield code="a">arachiengfrerusspa</subfield>
        </datafield>
        <datafield tag="049" ind1=" " ind2=" ">
            <subfield code="a">usa</subfield>
        </datafield>
        <datafield tag="089" ind1=" " ind2=" ">
            <subfield code="b">B03</subfield>
        </datafield>
        <datafield tag="091" ind1=" " ind2=" ">
            <subfield code="a">PRO</subfield>
        </datafield>
        <datafield tag="099" ind1=" " ind2=" ">
            <subfield code="a">UNH</subfield>
            <subfield code="b">DHU</subfield>
        </datafield>
        <datafield tag="191" ind1=" " ind2=" ">
            <subfield code="0">1229108</subfield>
            <subfield code="9">X88</subfield>
            <subfield code="a">S/PV.6478</subfield>
            <subfield code="b">S/</subfield>
            <subfield code="c">66</subfield>
            <subfield code="q">SPV6478</subfield>
            <subfield code="r">S66</subfield>
        </datafield>
        <datafield tag="245" ind1="1" ind2="0">
            <subfield code="a">Security Council, 66th year :</subfield>
            <subfield code="b">6478th meeting, Wednesday, 9 February 2011, New York</subfield>
        </datafield>
        <datafield tag="260" ind1=" " ind2=" ">
            <subfield code="a">[New York] :</subfield>
            <subfield code="b">UN,</subfield>
            <subfield code="c">[2011]</subfield>
        </datafield>
        <datafield tag="269" ind1=" " ind2=" ">
            <subfield code="a">2011</subfield>
        </datafield>
        <datafield tag="300" ind1=" " ind2=" ">
            <subfield code="a">27 p.</subfield>
        </datafield>
        <datafield tag="610" ind1="2" ind2="7">
            <subfield code="0">1227718</subfield>
            <subfield code="2">unbisn</subfield>
            <subfield code="a">UN. Secretary-General's Panel on the Referenda in the Sudan</subfield>
        </datafield>
        <datafield tag="610" ind1="2" ind2="7">
            <subfield code="0">1160582</subfield>
            <subfield code="2">unbisn</subfield>
            <subfield code="a">UN Mission in Sudan</subfield>
        </datafield>
        <datafield tag="610" ind1="2" ind2="7">
            <subfield code="0">1187143</subfield>
            <subfield code="2">unbisn</subfield>
            <subfield code="a">AU/UN Hybrid Operation in Darfur</subfield>
        </datafield>
        <datafield tag="610" ind1="2" ind2="7">
            <subfield code="0">1226058</subfield>
            <subfield code="2">unbisn</subfield>
            <subfield code="a">African Union. High Level Implementation Panel for Sudan</subfield>
        </datafield>
        <datafield tag="630" ind1="0" ind2="7">
            <subfield code="0">(DHLAUTH)677303</subfield>
            <subfield code="2">unbisn</subfield>
            <subfield code="a">Comprehensive Peace Agreement between the Government of the Republic of the Sudan and the Sudan People's Liberation Movement/Sudan People's Liberation Army (2005)</subfield>
        </datafield>
        <datafield tag="650" ind1="1" ind2="7">
            <subfield code="0">1278062</subfield>
            <subfield code="2">unbist</subfield>
            <subfield code="a">PLEBISCITES</subfield>
        </datafield>
        <datafield tag="650" ind1="1" ind2="7">
            <subfield code="0">1277954</subfield>
            <subfield code="2">unbist</subfield>
            <subfield code="a">PEACEKEEPING OPERATIONS</subfield>
        </datafield>
        <datafield tag="650" ind1="1" ind2="7">
            <subfield code="0">1283962</subfield>
            <subfield code="2">unbist</subfield>
            <subfield code="a">INDEPENDENCE</subfield>
        </datafield>
        <datafield tag="650" ind1="1" ind2="7">
            <subfield code="0">1277830</subfield>
            <subfield code="2">unbist</subfield>
            <subfield code="a">INTERNAL SECURITY</subfield>
        </datafield>
        <datafield tag="650" ind1="2" ind2="7">
            <subfield code="0">1283185</subfield>
            <subfield code="2">unbist</subfield>
            <subfield code="a">CONSULTATIONS</subfield>
        </datafield>
        <datafield tag="650" ind1="2" ind2="7">
            <subfield code="0">1277952</subfield>
            <subfield code="2">unbist</subfield>
            <subfield code="a">NEGOTIATION</subfield>
        </datafield>
        <datafield tag="650" ind1="2" ind2="7">
            <subfield code="0">1281052</subfield>
            <subfield code="2">unbist</subfield>
            <subfield code="a">HUMAN RIGHTS</subfield>
        </datafield>
        <datafield tag="650" ind1="2" ind2="7">
            <subfield code="0">1281005</subfield>
            <subfield code="2">unbist</subfield>
            <subfield code="a">HUMANITARIAN ASSISTANCE</subfield>
        </datafield>
        <datafield tag="650" ind1="2" ind2="7">
            <subfield code="0">1284332</subfield>
            <subfield code="2">unbist</subfield>
            <subfield code="a">RELIEF PERSONNEL</subfield>
        </datafield>
        <datafield tag="650" ind1="2" ind2="7">
            <subfield code="0">1281046</subfield>
            <subfield code="2">unbist</subfield>
            <subfield code="a">FREEDOM OF MOVEMENT</subfield>
        </datafield>
        <datafield tag="651" ind1="1" ind2="7">
            <subfield code="0">1282123</subfield>
            <subfield code="2">unbist</subfield>
            <subfield code="a">SUDAN</subfield>
        </datafield>
        <datafield tag="651" ind1="1" ind2="7">
            <subfield code="0">1285177</subfield>
            <subfield code="2">unbist</subfield>
            <subfield code="a">SOUTH SUDAN</subfield>
        </datafield>
        <datafield tag="651" ind1="1" ind2="7">
            <subfield code="0">1276996</subfield>
            <subfield code="2">unbist</subfield>
            <subfield code="a">DARFUR (SUDAN)</subfield>
        </datafield>
        <datafield tag="856" ind1="4" ind2=" ">
            <subfield code="s">384705</subfield>
            <subfield code="u">http://digitallibrary.un.org/record/697873/files/S_PV.6478-AR.pdf</subfield>
            <subfield code="y">العربية</subfield>
        </datafield>
        <datafield tag="856" ind1="4" ind2=" ">
            <subfield code="s">340556</subfield>
            <subfield code="u">http://digitallibrary.un.org/record/697873/files/S_PV.6478-ZH.pdf</subfield>
            <subfield code="y">中文</subfield>
        </datafield>
        <datafield tag="856" ind1="4" ind2=" ">
            <subfield code="s">243716</subfield>
            <subfield code="u">http://digitallibrary.un.org/record/697873/files/S_PV.6478-EN.pdf</subfield>
            <subfield code="y">English</subfield>
        </datafield>
        <datafield tag="856" ind1="4" ind2=" ">
            <subfield code="s">268109</subfield>
            <subfield code="u">http://digitallibrary.un.org/record/697873/files/S_PV.6478-FR.pdf</subfield>
            <subfield code="y">Français</subfield>
        </datafield>
        <datafield tag="856" ind1="4" ind2=" ">
            <subfield code="s">540548</subfield>
            <subfield code="u">http://digitallibrary.un.org/record/697873/files/S_PV.6478-RU.pdf</subfield>
            <subfield code="y">Русский</subfield>
        </datafield>
        <datafield tag="856" ind1="4" ind2=" ">
            <subfield code="s">281437</subfield>
            <subfield code="u">http://digitallibrary.un.org/record/697873/files/S_PV.6478-ES.pdf</subfield>
            <subfield code="y">Español</subfield>
        </datafield>
        <datafield tag="930" ind1=" " ind2=" ">
            <subfield code="a">UNDFE11</subfield>
        </datafield>
        <datafield tag="949" ind1=" " ind2=" ">
            <subfield code="9">S/PV.6478</subfield>
            <subfield code="b">1765542.3.1</subfield>
            <subfield code="c">c. 1</subfield>
            <subfield code="d">20110213190000</subfield>
            <subfield code="i">1765542</subfield>
            <subfield code="k">unfs</subfield>
            <subfield code="l">DHL</subfield>
            <subfield code="m">14day</subfield>
            <subfield code="z">t</subfield>
        </datafield>
        <datafield tag="949" ind1=" " ind2=" ">
            <subfield code="9">S/PV.6478</subfield>
            <subfield code="b">1765543.4.1</subfield>
            <subfield code="c">c. 1</subfield>
            <subfield code="d">20110213190000</subfield>
            <subfield code="i">1765543</subfield>
            <subfield code="k">unrs</subfield>
            <subfield code="l">DHL</subfield>
            <subfield code="m">14day</subfield>
            <subfield code="z">t</subfield>
        </datafield>
        <datafield tag="949" ind1=" " ind2=" ">
            <subfield code="9">S/PV.6478</subfield>
            <subfield code="b">10000000940616</subfield>
            <subfield code="c">c. 1</subfield>
            <subfield code="d">20110213190000</subfield>
            <subfield code="i">1765539</subfield>
            <subfield code="k">unes</subfield>
            <subfield code="l">DHL</subfield>
            <subfield code="m">14day</subfield>
            <subfield code="z">t</subfield>
        </datafield>
        <datafield tag="949" ind1=" " ind2=" ">
            <subfield code="9">S/PV.6478</subfield>
            <subfield code="b">1765540.1.1</subfield>
            <subfield code="c">c. 1</subfield>
            <subfield code="d">20110213190000</subfield>
            <subfield code="i">1765540</subfield>
            <subfield code="k">unas</subfield>
            <subfield code="l">DHL</subfield>
            <subfield code="m">14day</subfield>
            <subfield code="z">t</subfield>
        </datafield>
        <datafield tag="949" ind1=" " ind2=" ">
            <subfield code="9">S/PV.6478</subfield>
            <subfield code="b">1765544.5.1</subfield>
            <subfield code="c">c. 1</subfield>
            <subfield code="d">20110213190000</subfield>
            <subfield code="i">1765544</subfield>
            <subfield code="k">unss</subfield>
            <subfield code="l">DHL</subfield>
            <subfield code="m">14day</subfield>
            <subfield code="z">t</subfield>
        </datafield>
        <datafield tag="949" ind1=" " ind2=" ">
            <subfield code="9">S/PV.6478</subfield>
            <subfield code="b">1765541.2.1</subfield>
            <subfield code="c">c. 1</subfield>
            <subfield code="d">20110213190000</subfield>
            <subfield code="i">1765541</subfield>
            <subfield code="k">uncs</subfield>
            <subfield code="l">DHL</subfield>
            <subfield code="m">14day</subfield>
            <subfield code="z">t</subfield>
        </datafield>
        <datafield tag="980" ind1=" " ind2=" ">
            <subfield code="a">BIB</subfield>
        </datafield>
        <datafield tag="989" ind1=" " ind2=" ">
            <subfield code="a">Documents and Publications</subfield>
            <subfield code="b">Meeting Records</subfield>
            <subfield code="c">Verbatim Records</subfield>
        </datafield>
        <datafield tag="991" ind1="3" ind2=" ">
            <subfield code="0">1228863</subfield>
            <subfield code="a">S/66</subfield>
            <subfield code="b">[159]</subfield>
            <subfield code="d">UN MISSION IN THE SUDAN</subfield>
            <subfield code="e">At the 6478th meeting, the President made a statement, on behalf of the Council members, in connection with prior consultations among Council members on the item entitled "Reports of the Secretary-General on the Sudan": S/PRST/2011/3</subfield>
            <subfield code="z">I</subfield>
        </datafield>
        <datafield tag="991" ind1="3" ind2=" ">
            <subfield code="0">1228864</subfield>
            <subfield code="a">S/66</subfield>
            <subfield code="b">[160]</subfield>
            <subfield code="d">SUDAN--POLITICAL CONDITIONS</subfield>
            <subfield code="e">At the 6478th meeting, the President made a statement, on behalf of the Council members, in connection with prior consultations among Council members on the item entitled "Reports of the Secretary-General on the Sudan": S/PRST/2011/3</subfield>
            <subfield code="z">I</subfield>
        </datafield>
        <datafield tag="991" ind1="3" ind2=" ">
            <subfield code="0">1228889</subfield>
            <subfield code="a">S/66</subfield>
            <subfield code="b">[204]</subfield>
            <subfield code="d">AU/UN HYBRID OPERATION IN DARFUR</subfield>
            <subfield code="e">At the 6478th meeting, the President made a statement, on behalf of the Council members, in connection with prior consultations among Council members on the item entitled "Reports of the Secretary-General on the Sudan": S/PRST/2011/3</subfield>
            <subfield code="z">I</subfield>
        </datafield>
        <datafield tag="991" ind1="3" ind2=" ">
            <subfield code="0">1228863</subfield>
            <subfield code="a">S/66</subfield>
            <subfield code="b">[159]</subfield>
            <subfield code="d">UN MISSION IN THE SUDAN</subfield>
            <subfield code="e">Participation by non-Council members (without right to vote): Sudan</subfield>
            <subfield code="f">X27</subfield>
            <subfield code="z">I</subfield>
        </datafield>
        <datafield tag="991" ind1="3" ind2=" ">
            <subfield code="0">1228864</subfield>
            <subfield code="a">S/66</subfield>
            <subfield code="b">[160]</subfield>
            <subfield code="d">SUDAN--POLITICAL CONDITIONS</subfield>
            <subfield code="e">Participation by non-Council members (without right to vote): Sudan</subfield>
            <subfield code="f">X27</subfield>
            <subfield code="z">I</subfield>
        </datafield>
        <datafield tag="991" ind1="3" ind2=" ">
            <subfield code="0">1228889</subfield>
            <subfield code="a">S/66</subfield>
            <subfield code="b">[204]</subfield>
            <subfield code="d">AU/UN HYBRID OPERATION IN DARFUR</subfield>
            <subfield code="e">Participation by non-Council members (without right to vote): Sudan</subfield>
            <subfield code="f">X27</subfield>
            <subfield code="z">I</subfield>
        </datafield>
        <datafield tag="992" ind1=" " ind2=" ">
            <subfield code="a">20110209</subfield>
        </datafield>
        <datafield tag="993" ind1="5" ind2=" ">
            <subfield code="a">S/PRST/2011/3</subfield>
        </datafield>
        <datafield tag="998" ind1=" " ind2=" ">
            <subfield code="a">20110214035000</subfield>
            <subfield code="b">pnser</subfield>
            <subfield code="c">20160728064800</subfield>
            <subfield code="d">shkcat</subfield>
        </datafield>
        <datafield tag="999" ind1=" " ind2=" ">
            <subfield code="a">jmr20110214</subfield>
            <subfield code="b">20110214</subfield>
            <subfield code="c">r</subfield>
        </datafield>
        <datafield tag="999" ind1=" " ind2=" ">
            <subfield code="a">jmc20110214</subfield>
            <subfield code="b">20110214</subfield>
            <subfield code="c">c</subfield>
        </datafield>
        <datafield tag="999" ind1=" " ind2=" ">
            <subfield code="a">pnq20110214</subfield>
            <subfield code="b">20110214</subfield>
            <subfield code="c">q</subfield>
        </datafield>
        <datafield tag="999" ind1=" " ind2=" ">
            <subfield code="a">vwt20110321</subfield>
            <subfield code="b">20110321</subfield>
            <subfield code="c">t</subfield>
        </datafield>
        <datafield tag="999" ind1=" " ind2=" ">
            <subfield code="a">vwu20110526</subfield>
            <subfield code="b">20110526</subfield>
            <subfield code="c">u</subfield>
        </datafield>
    </record>