

    
    <record>
        <controlfield tag="001">696915</controlfield>
        <controlfield tag="000">00000nam\\2200025#a\4500</controlfield>
        <controlfield tag="005">20170412204417.0</controlfield>
        <controlfield tag="008">110121s2010\\\\usa\\\\#r\\\\\|||1|\eng\d</controlfield>
        <datafield tag="029" ind1=" " ind2=" ">
            <subfield code="a">JN</subfield>
            <subfield code="b">N1120938 E</subfield>
        </datafield>
        <datafield tag="035" ind1=" " ind2=" ">
            <subfield code="a">D0378360</subfield>
        </datafield>
        <datafield tag="035" ind1=" " ind2=" ">
            <subfield code="a">(DHL)939421</subfield>
        </datafield>
        <datafield tag="039" ind1=" " ind2=" ">
            <subfield code="a">DHU</subfield>
        </datafield>
        <datafield tag="040" ind1=" " ind2=" ">
            <subfield code="a">NNUN</subfield>
            <subfield code="b">eng</subfield>
        </datafield>
        <datafield tag="041" ind1=" " ind2=" ">
            <subfield code="a">arachiengfrerusspa</subfield>
        </datafield>
        <datafield tag="049" ind1=" " ind2=" ">
            <subfield code="a">usa</subfield>
        </datafield>
        <datafield tag="089" ind1=" " ind2=" ">
            <subfield code="b">B03</subfield>
        </datafield>
        <datafield tag="091" ind1=" " ind2=" ">
            <subfield code="a">PRO</subfield>
        </datafield>
        <datafield tag="099" ind1=" " ind2=" ">
            <subfield code="a">UNH</subfield>
            <subfield code="b">DHU</subfield>
        </datafield>
        <datafield tag="191" ind1=" " ind2=" ">
            <subfield code="0">1229108</subfield>
            <subfield code="9">X88</subfield>
            <subfield code="a">S/PV.6469</subfield>
            <subfield code="b">S/</subfield>
            <subfield code="c">66</subfield>
            <subfield code="q">SPV6469</subfield>
            <subfield code="r">S66</subfield>
        </datafield>
        <datafield tag="245" ind1="1" ind2="0">
            <subfield code="a">Security Council, 66th year :</subfield>
            <subfield code="b">6469th meeting, Wednesday, 19 January 2011, New York</subfield>
        </datafield>
        <datafield tag="260" ind1=" " ind2=" ">
            <subfield code="a">[New York] :</subfield>
            <subfield code="b">UN,</subfield>
            <subfield code="c">[2011]</subfield>
        </datafield>
        <datafield tag="269" ind1=" " ind2=" ">
            <subfield code="a">2011</subfield>
        </datafield>
        <datafield tag="300" ind1=" " ind2=" ">
            <subfield code="a">2 p.</subfield>
        </datafield>
        <datafield tag="610" ind1="2" ind2="7">
            <subfield code="0">1142637</subfield>
            <subfield code="2">unbisn</subfield>
            <subfield code="a">UN Operation in Côte d'Ivoire</subfield>
        </datafield>
        <datafield tag="650" ind1="1" ind2="7">
            <subfield code="0">1277954</subfield>
            <subfield code="2">unbist</subfield>
            <subfield code="a">PEACEKEEPING OPERATIONS</subfield>
        </datafield>
        <datafield tag="650" ind1="1" ind2="7">
            <subfield code="0">1277830</subfield>
            <subfield code="2">unbist</subfield>
            <subfield code="a">INTERNAL SECURITY</subfield>
        </datafield>
        <datafield tag="651" ind1="1" ind2="7">
            <subfield code="0">1282098</subfield>
            <subfield code="2">unbist</subfield>
            <subfield code="a">COTE D'IVOIRE</subfield>
        </datafield>
        <datafield tag="856" ind1="4" ind2=" ">
            <subfield code="s">185127</subfield>
            <subfield code="u">http://digitallibrary.un.org/record/696915/files/S_PV.6469-AR.pdf</subfield>
            <subfield code="y">العربية</subfield>
        </datafield>
        <datafield tag="856" ind1="4" ind2=" ">
            <subfield code="s">109214</subfield>
            <subfield code="u">http://digitallibrary.un.org/record/696915/files/S_PV.6469-ZH.pdf</subfield>
            <subfield code="y">中文</subfield>
        </datafield>
        <datafield tag="856" ind1="4" ind2=" ">
            <subfield code="s">79766</subfield>
            <subfield code="u">http://digitallibrary.un.org/record/696915/files/S_PV.6469-EN.pdf</subfield>
            <subfield code="y">English</subfield>
        </datafield>
        <datafield tag="856" ind1="4" ind2=" ">
            <subfield code="s">80875</subfield>
            <subfield code="u">http://digitallibrary.un.org/record/696915/files/S_PV.6469-FR.pdf</subfield>
            <subfield code="y">Français</subfield>
        </datafield>
        <datafield tag="856" ind1="4" ind2=" ">
            <subfield code="s">152603</subfield>
            <subfield code="u">http://digitallibrary.un.org/record/696915/files/S_PV.6469-RU.pdf</subfield>
            <subfield code="y">Русский</subfield>
        </datafield>
        <datafield tag="856" ind1="4" ind2=" ">
            <subfield code="s">122287</subfield>
            <subfield code="u">http://digitallibrary.un.org/record/696915/files/S_PV.6469-ES.pdf</subfield>
            <subfield code="y">Español</subfield>
        </datafield>
        <datafield tag="930" ind1=" " ind2=" ">
            <subfield code="a">UNDJA11</subfield>
        </datafield>
        <datafield tag="949" ind1=" " ind2=" ">
            <subfield code="9">S/PV.6469</subfield>
            <subfield code="b">1761955.3.1</subfield>
            <subfield code="c">c. 1</subfield>
            <subfield code="d">20110120190000</subfield>
            <subfield code="i">1761955</subfield>
            <subfield code="k">unfs</subfield>
            <subfield code="l">DHL</subfield>
            <subfield code="m">14day</subfield>
            <subfield code="z">t</subfield>
        </datafield>
        <datafield tag="949" ind1=" " ind2=" ">
            <subfield code="9">S/PV.6469</subfield>
            <subfield code="b">1761956.4.1</subfield>
            <subfield code="c">c. 1</subfield>
            <subfield code="d">20110120190000</subfield>
            <subfield code="i">1761956</subfield>
            <subfield code="k">unrs</subfield>
            <subfield code="l">DHL</subfield>
            <subfield code="m">14day</subfield>
            <subfield code="z">t</subfield>
        </datafield>
        <datafield tag="949" ind1=" " ind2=" ">
            <subfield code="9">S/PV.6469</subfield>
            <subfield code="b">10000009394211</subfield>
            <subfield code="c">c. 1</subfield>
            <subfield code="d">20110120190000</subfield>
            <subfield code="i">1761952</subfield>
            <subfield code="k">unes</subfield>
            <subfield code="l">DHL</subfield>
            <subfield code="m">14day</subfield>
            <subfield code="z">t</subfield>
        </datafield>
        <datafield tag="949" ind1=" " ind2=" ">
            <subfield code="9">S/PV.6469</subfield>
            <subfield code="b">1761953.1.1</subfield>
            <subfield code="c">c. 1</subfield>
            <subfield code="d">20110120190000</subfield>
            <subfield code="i">1761953</subfield>
            <subfield code="k">unas</subfield>
            <subfield code="l">DHL</subfield>
            <subfield code="m">14day</subfield>
            <subfield code="z">t</subfield>
        </datafield>
        <datafield tag="949" ind1=" " ind2=" ">
            <subfield code="9">S/PV.6469</subfield>
            <subfield code="b">1761957.5.1</subfield>
            <subfield code="c">c. 1</subfield>
            <subfield code="d">20110120190000</subfield>
            <subfield code="i">1761957</subfield>
            <subfield code="k">unss</subfield>
            <subfield code="l">DHL</subfield>
            <subfield code="m">14day</subfield>
            <subfield code="z">t</subfield>
        </datafield>
        <datafield tag="949" ind1=" " ind2=" ">
            <subfield code="9">S/PV.6469</subfield>
            <subfield code="b">1761954.2.1</subfield>
            <subfield code="c">c. 1</subfield>
            <subfield code="d">20110120190000</subfield>
            <subfield code="i">1761954</subfield>
            <subfield code="k">uncs</subfield>
            <subfield code="l">DHL</subfield>
            <subfield code="m">14day</subfield>
            <subfield code="z">t</subfield>
        </datafield>
        <datafield tag="980" ind1=" " ind2=" ">
            <subfield code="a">BIB</subfield>
        </datafield>
        <datafield tag="989" ind1=" " ind2=" ">
            <subfield code="a">Documents and Publications</subfield>
            <subfield code="b">Meeting Records</subfield>
            <subfield code="c">Verbatim Records</subfield>
        </datafield>
        <datafield tag="991" ind1="3" ind2=" ">
            <subfield code="0">1228883</subfield>
            <subfield code="a">S/66</subfield>
            <subfield code="b">[198]</subfield>
            <subfield code="d">UN OPERATION IN CÔTE D'IVOIRE</subfield>
            <subfield code="e">Participation by non-Council members (without right to vote): Côte d'Ivoire</subfield>
            <subfield code="f">X27</subfield>
            <subfield code="z">I</subfield>
        </datafield>
        <datafield tag="991" ind1="3" ind2=" ">
            <subfield code="0">1228883</subfield>
            <subfield code="a">S/66</subfield>
            <subfield code="b">[198]</subfield>
            <subfield code="d">UN OPERATION IN CÔTE D'IVOIRE</subfield>
            <subfield code="e">At the 6469th meeting, draft resolution S/2011/15 was adopted unanimously: resolution 1967 (2011)</subfield>
            <subfield code="z">I</subfield>
        </datafield>
        <datafield tag="991" ind1="3" ind2=" ">
            <subfield code="0">1228882</subfield>
            <subfield code="a">S/66</subfield>
            <subfield code="b">[196]</subfield>
            <subfield code="d">CÔTE D'IVOIRE--POLITICAL CONDITIONS</subfield>
            <subfield code="e">Participation by non-Council members (without right to vote): Côte d'Ivoire</subfield>
            <subfield code="f">X27</subfield>
            <subfield code="z">I</subfield>
        </datafield>
        <datafield tag="991" ind1="3" ind2=" ">
            <subfield code="0">1228882</subfield>
            <subfield code="a">S/66</subfield>
            <subfield code="b">[196]</subfield>
            <subfield code="d">CÔTE D'IVOIRE--POLITICAL CONDITIONS</subfield>
            <subfield code="e">At the 6469th meeting, draft resolution S/2011/15 was adopted unanimously: resolution 1967 (2011)</subfield>
            <subfield code="z">I</subfield>
        </datafield>
        <datafield tag="992" ind1=" " ind2=" ">
            <subfield code="a">20110119</subfield>
        </datafield>
        <datafield tag="998" ind1=" " ind2=" ">
            <subfield code="a">20110121054100</subfield>
            <subfield code="b">bccat</subfield>
            <subfield code="c">20160728064800</subfield>
            <subfield code="d">shkcat</subfield>
        </datafield>
        <datafield tag="999" ind1=" " ind2=" ">
            <subfield code="a">jmr20110128</subfield>
            <subfield code="b">20110128</subfield>
            <subfield code="c">r</subfield>
        </datafield>
        <datafield tag="999" ind1=" " ind2=" ">
            <subfield code="a">bcq20110121</subfield>
            <subfield code="b">20110121</subfield>
            <subfield code="c">q</subfield>
        </datafield>
        <datafield tag="999" ind1=" " ind2=" ">
            <subfield code="a">skic20110121</subfield>
            <subfield code="b">20110121</subfield>
            <subfield code="c">c</subfield>
        </datafield>
        <datafield tag="999" ind1=" " ind2=" ">
            <subfield code="a">vwt20110318</subfield>
            <subfield code="b">20110318</subfield>
            <subfield code="c">t</subfield>
        </datafield>
    </record>