

    
    <record>
        <controlfield tag="001">696627</controlfield>
        <controlfield tag="000">00000nam\\2200025#a\4500</controlfield>
        <controlfield tag="005">20170412204346.0</controlfield>
        <controlfield tag="008">110118s2011\\\\usa\\\\#r\\\\\|||1|\eng\d</controlfield>
        <datafield tag="029" ind1=" " ind2=" ">
            <subfield code="a">JN</subfield>
            <subfield code="b">N1120684 E</subfield>
        </datafield>
        <datafield tag="035" ind1=" " ind2=" ">
            <subfield code="a">D0378260</subfield>
        </datafield>
        <datafield tag="035" ind1=" " ind2=" ">
            <subfield code="a">(DHL)939067</subfield>
        </datafield>
        <datafield tag="039" ind1=" " ind2=" ">
            <subfield code="a">DHU</subfield>
        </datafield>
        <datafield tag="040" ind1=" " ind2=" ">
            <subfield code="a">NNUN</subfield>
            <subfield code="b">eng</subfield>
        </datafield>
        <datafield tag="041" ind1=" " ind2=" ">
            <subfield code="a">arachiengfrerusspa</subfield>
        </datafield>
        <datafield tag="049" ind1=" " ind2=" ">
            <subfield code="a">usa</subfield>
        </datafield>
        <datafield tag="089" ind1=" " ind2=" ">
            <subfield code="b">B03</subfield>
        </datafield>
        <datafield tag="091" ind1=" " ind2=" ">
            <subfield code="a">PRO</subfield>
        </datafield>
        <datafield tag="099" ind1=" " ind2=" ">
            <subfield code="a">UNH</subfield>
            <subfield code="b">DHU</subfield>
        </datafield>
        <datafield tag="191" ind1=" " ind2=" ">
            <subfield code="0">1229108</subfield>
            <subfield code="9">X88</subfield>
            <subfield code="a">S/PV.6466</subfield>
            <subfield code="b">S/</subfield>
            <subfield code="c">66</subfield>
            <subfield code="q">SPV6466</subfield>
            <subfield code="r">S66</subfield>
        </datafield>
        <datafield tag="245" ind1="1" ind2="0">
            <subfield code="a">Security Council, 66th year :</subfield>
            <subfield code="b">6466th meeting, Friday, 14 January 2011, New York</subfield>
        </datafield>
        <datafield tag="260" ind1=" " ind2=" ">
            <subfield code="a">[New York] :</subfield>
            <subfield code="b">UN,</subfield>
            <subfield code="c">[2011]</subfield>
        </datafield>
        <datafield tag="269" ind1=" " ind2=" ">
            <subfield code="a">2011</subfield>
        </datafield>
        <datafield tag="300" ind1=" " ind2=" ">
            <subfield code="a">2 p.</subfield>
        </datafield>
        <datafield tag="610" ind1="2" ind2="7">
            <subfield code="0">1182414</subfield>
            <subfield code="2">unbisn</subfield>
            <subfield code="a">UN Political Mission in Nepal</subfield>
        </datafield>
        <datafield tag="610" ind1="2" ind2="7">
            <subfield code="0">864771</subfield>
            <subfield code="2">unbisn</subfield>
            <subfield code="a">UN</subfield>
        </datafield>
        <datafield tag="650" ind1="1" ind2="7">
            <subfield code="0">1284084</subfield>
            <subfield code="2">unbist</subfield>
            <subfield code="a">PEACEBUILDING</subfield>
        </datafield>
        <datafield tag="650" ind1="1" ind2="7">
            <subfield code="0">1282419</subfield>
            <subfield code="2">unbist</subfield>
            <subfield code="a">POLITICAL CONDITIONS</subfield>
        </datafield>
        <datafield tag="650" ind1="1" ind2="7">
            <subfield code="0">1277804</subfield>
            <subfield code="2">unbist</subfield>
            <subfield code="a">CONSTITUTIONS</subfield>
        </datafield>
        <datafield tag="650" ind1="2" ind2="7">
            <subfield code="0">1284083</subfield>
            <subfield code="2">unbist</subfield>
            <subfield code="a">PEACEMAKING</subfield>
        </datafield>
        <datafield tag="651" ind1="1" ind2="7">
            <subfield code="0">1282208</subfield>
            <subfield code="2">unbist</subfield>
            <subfield code="a">NEPAL</subfield>
        </datafield>
        <datafield tag="856" ind1="4" ind2=" ">
            <subfield code="s">90555</subfield>
            <subfield code="u">http://digitallibrary.un.org/record/696627/files/S_PV.6466-AR.pdf</subfield>
            <subfield code="y">العربية</subfield>
        </datafield>
        <datafield tag="856" ind1="4" ind2=" ">
            <subfield code="s">128407</subfield>
            <subfield code="u">http://digitallibrary.un.org/record/696627/files/S_PV.6466-ZH.pdf</subfield>
            <subfield code="y">中文</subfield>
        </datafield>
        <datafield tag="856" ind1="4" ind2=" ">
            <subfield code="s">81256</subfield>
            <subfield code="u">http://digitallibrary.un.org/record/696627/files/S_PV.6466-EN.pdf</subfield>
            <subfield code="y">English</subfield>
        </datafield>
        <datafield tag="856" ind1="4" ind2=" ">
            <subfield code="s">86053</subfield>
            <subfield code="u">http://digitallibrary.un.org/record/696627/files/S_PV.6466-FR.pdf</subfield>
            <subfield code="y">Français</subfield>
        </datafield>
        <datafield tag="856" ind1="4" ind2=" ">
            <subfield code="s">160375</subfield>
            <subfield code="u">http://digitallibrary.un.org/record/696627/files/S_PV.6466-RU.pdf</subfield>
            <subfield code="y">Русский</subfield>
        </datafield>
        <datafield tag="856" ind1="4" ind2=" ">
            <subfield code="s">125757</subfield>
            <subfield code="u">http://digitallibrary.un.org/record/696627/files/S_PV.6466-ES.pdf</subfield>
            <subfield code="y">Español</subfield>
        </datafield>
        <datafield tag="930" ind1=" " ind2=" ">
            <subfield code="a">UNDJA11</subfield>
        </datafield>
        <datafield tag="949" ind1=" " ind2=" ">
            <subfield code="9">S/PV.6466</subfield>
            <subfield code="b">1761188.5.1</subfield>
            <subfield code="c">c. 1</subfield>
            <subfield code="d">20110118190000</subfield>
            <subfield code="i">1761188</subfield>
            <subfield code="k">unss</subfield>
            <subfield code="l">DHL</subfield>
            <subfield code="m">14day</subfield>
            <subfield code="z">t</subfield>
        </datafield>
        <datafield tag="949" ind1=" " ind2=" ">
            <subfield code="9">S/PV.6466</subfield>
            <subfield code="b">1761187.4.1</subfield>
            <subfield code="c">c. 1</subfield>
            <subfield code="d">20110118190000</subfield>
            <subfield code="i">1761187</subfield>
            <subfield code="k">unrs</subfield>
            <subfield code="l">DHL</subfield>
            <subfield code="m">14day</subfield>
            <subfield code="z">t</subfield>
        </datafield>
        <datafield tag="949" ind1=" " ind2=" ">
            <subfield code="9">S/PV.6466</subfield>
            <subfield code="b">1761186.3.1</subfield>
            <subfield code="c">c. 1</subfield>
            <subfield code="d">20110118190000</subfield>
            <subfield code="i">1761186</subfield>
            <subfield code="k">unfs</subfield>
            <subfield code="l">DHL</subfield>
            <subfield code="m">14day</subfield>
            <subfield code="z">t</subfield>
        </datafield>
        <datafield tag="949" ind1=" " ind2=" ">
            <subfield code="9">S/PV.6466</subfield>
            <subfield code="b">10000009390671</subfield>
            <subfield code="c">c. 1</subfield>
            <subfield code="d">20110117190000</subfield>
            <subfield code="i">1761124</subfield>
            <subfield code="k">unes</subfield>
            <subfield code="l">DHL</subfield>
            <subfield code="m">14day</subfield>
            <subfield code="z">t</subfield>
        </datafield>
        <datafield tag="949" ind1=" " ind2=" ">
            <subfield code="9">S/PV.6466</subfield>
            <subfield code="b">1761184.1.1</subfield>
            <subfield code="c">c. 1</subfield>
            <subfield code="d">20110118190000</subfield>
            <subfield code="i">1761184</subfield>
            <subfield code="k">unas</subfield>
            <subfield code="l">DHL</subfield>
            <subfield code="m">14day</subfield>
            <subfield code="z">t</subfield>
        </datafield>
        <datafield tag="949" ind1=" " ind2=" ">
            <subfield code="9">S/PV.6466</subfield>
            <subfield code="b">1761185.2.1</subfield>
            <subfield code="c">c. 1</subfield>
            <subfield code="d">20110118190000</subfield>
            <subfield code="i">1761185</subfield>
            <subfield code="k">uncs</subfield>
            <subfield code="l">DHL</subfield>
            <subfield code="m">14day</subfield>
            <subfield code="z">t</subfield>
        </datafield>
        <datafield tag="980" ind1=" " ind2=" ">
            <subfield code="a">BIB</subfield>
        </datafield>
        <datafield tag="989" ind1=" " ind2=" ">
            <subfield code="a">Documents and Publications</subfield>
            <subfield code="b">Meeting Records</subfield>
            <subfield code="c">Verbatim Records</subfield>
        </datafield>
        <datafield tag="991" ind1="3" ind2=" ">
            <subfield code="0">1228868</subfield>
            <subfield code="a">S/66</subfield>
            <subfield code="b">[169]</subfield>
            <subfield code="d">NEPAL--POLITICAL CONDITIONS</subfield>
            <subfield code="e">Participation by non-Council members (without right to vote): Nepal</subfield>
            <subfield code="f">X27</subfield>
            <subfield code="z">I</subfield>
        </datafield>
        <datafield tag="991" ind1="3" ind2=" ">
            <subfield code="0">1228869</subfield>
            <subfield code="a">S/66</subfield>
            <subfield code="b">[170]</subfield>
            <subfield code="d">UN POLITICAL MISSION IN NEPAL</subfield>
            <subfield code="e">Participation by non-Council members (without right to vote): Nepal</subfield>
            <subfield code="f">X27</subfield>
            <subfield code="z">I</subfield>
        </datafield>
        <datafield tag="991" ind1="3" ind2=" ">
            <subfield code="0">1228868</subfield>
            <subfield code="a">S/66</subfield>
            <subfield code="b">[169]</subfield>
            <subfield code="d">NEPAL--POLITICAL CONDITIONS</subfield>
            <subfield code="e">At the 6466th meeting, the President made a statement, on behalf of the Council members, in connection with prior consultations among Council members on the "Report of the Secretary-General on the request of Nepal for United Nations assistance in support of its peace process (S/2010/658)": S/PRST/2011/1</subfield>
            <subfield code="z">I</subfield>
        </datafield>
        <datafield tag="991" ind1="3" ind2=" ">
            <subfield code="0">1228869</subfield>
            <subfield code="a">S/66</subfield>
            <subfield code="b">[170]</subfield>
            <subfield code="d">UN POLITICAL MISSION IN NEPAL</subfield>
            <subfield code="e">At the 6466th meeting, the President made a statement, on behalf of the Council members, in connection with prior consultations among Council members on the "Report of the Secretary-General on the request of Nepal for United Nations assistance in support of its peace process (S/2010/658)": S/PRST/2011/1</subfield>
            <subfield code="z">I</subfield>
        </datafield>
        <datafield tag="992" ind1=" " ind2=" ">
            <subfield code="a">20110114</subfield>
        </datafield>
        <datafield tag="993" ind1="5" ind2=" ">
            <subfield code="a">S/PRST/2011/1</subfield>
        </datafield>
        <datafield tag="998" ind1=" " ind2=" ">
            <subfield code="a">20110118051300</subfield>
            <subfield code="b">bccat</subfield>
            <subfield code="c">20110330053300</subfield>
            <subfield code="d">vwcat2</subfield>
        </datafield>
        <datafield tag="999" ind1=" " ind2=" ">
            <subfield code="a">jmr20110118</subfield>
            <subfield code="b">20110118</subfield>
            <subfield code="c">r</subfield>
        </datafield>
        <datafield tag="999" ind1=" " ind2=" ">
            <subfield code="a">jmc20110118</subfield>
            <subfield code="b">20110118</subfield>
            <subfield code="c">c</subfield>
        </datafield>
        <datafield tag="999" ind1=" " ind2=" ">
            <subfield code="a">bcq20110118</subfield>
            <subfield code="b">20110118</subfield>
            <subfield code="c">q</subfield>
        </datafield>
        <datafield tag="999" ind1=" " ind2=" ">
            <subfield code="a">pni20110119</subfield>
            <subfield code="b">20110119</subfield>
            <subfield code="c">i</subfield>
        </datafield>
        <datafield tag="999" ind1=" " ind2=" ">
            <subfield code="a">vwt20110122</subfield>
            <subfield code="b">20110122</subfield>
            <subfield code="c">t</subfield>
        </datafield>
        <datafield tag="999" ind1=" " ind2=" ">
            <subfield code="a">vwu20110330</subfield>
            <subfield code="b">20110330</subfield>
            <subfield code="c">u</subfield>
        </datafield>
    </record>