

    
    <record>
        <controlfield tag="001">801830</controlfield>
        <controlfield tag="000">00000nam\\2200025#a\||||</controlfield>
        <controlfield tag="005">20170412211541.0</controlfield>
        <controlfield tag="008">150909t2011\\\\che\\\\g\\\\\i||110\eng\\</controlfield>
        <datafield tag="020" ind1=" " ind2=" ">
            <subfield code="a">9789291738953</subfield>
        </datafield>
        <datafield tag="035" ind1=" " ind2=" ">
            <subfield code="a">(DHL)1060635</subfield>
        </datafield>
        <datafield tag="039" ind1=" " ind2=" ">
            <subfield code="a">DHU</subfield>
        </datafield>
        <datafield tag="040" ind1=" " ind2=" ">
            <subfield code="a">NNUN</subfield>
            <subfield code="b">eng</subfield>
        </datafield>
        <datafield tag="041" ind1=" " ind2=" ">
            <subfield code="a">eng </subfield>
        </datafield>
        <datafield tag="049" ind1=" " ind2=" ">
            <subfield code="a">che</subfield>
        </datafield>
        <datafield tag="089" ind1=" " ind2=" ">
            <subfield code="b">B16</subfield>
        </datafield>
        <datafield tag="091" ind1=" " ind2=" ">
            <subfield code="a">GER</subfield>
        </datafield>
        <datafield tag="099" ind1=" " ind2=" ">
            <subfield code="a">UNH</subfield>
            <subfield code="b">DHU</subfield>
            <subfield code="c">UNAIDS(02)/A288</subfield>
            <subfield code="q">UNAIDS02A288</subfield>
        </datafield>
        <datafield tag="191" ind1=" " ind2=" ">
            <subfield code="0">1064467</subfield>
            <subfield code="a">***</subfield>
            <subfield code="b">UNAIDS/</subfield>
            <subfield code="r">UNAIDS</subfield>
        </datafield>
        <datafield tag="245" ind1="1" ind2="0">
            <subfield code="a">AIDS at 30 :</subfield>
            <subfield code="b">nations at the crossroads</subfield>
        </datafield>
        <datafield tag="246" ind1="3" ind2="1">
            <subfield code="a">AIDS at Thirty :</subfield>
            <subfield code="b">nations at the crossroads</subfield>
        </datafield>
        <datafield tag="260" ind1=" " ind2=" ">
            <subfield code="a">Geneva :</subfield>
            <subfield code="b">UNAIDS,</subfield>
            <subfield code="c">2011</subfield>
        </datafield>
        <datafield tag="269" ind1=" " ind2=" ">
            <subfield code="a">2011</subfield>
        </datafield>
        <datafield tag="300" ind1=" " ind2=" ">
            <subfield code="a">135 p. :</subfield>
            <subfield code="b">ill., graphs, maps, tables</subfield>
        </datafield>
        <datafield tag="500" ind1=" " ind2=" ">
            <subfield code="a">Includes bibliographical references (p. 129-135) and index.</subfield>
        </datafield>
        <datafield tag="500" ind1=" " ind2=" ">
            <subfield code="a">Available also online (viewed 9 Sept. 2015)</subfield>
        </datafield>
        <datafield tag="505" ind1=" " ind2=" ">
            <subfield code="a">Preface: Chart a bold path / UN Secretary-General Ban Ki-moon -- Foreword: From fear to unity / Jacob Zuma -- Introduction: Our ambitious vision / Michel Sidibe -- 1. Taking stock. 1981-2000: The early years.Most severe epidemic in modem times -- Commentary by Peter Piot -- 2001-2010: The past decade. A new chapter in the HIV response -- Commentary by Lula da Silva -- Significant rise in HIV spending but efficiencies needed -- Commentary by Bill Clinton -- Grounding the response in human rights and gender equality -- Commentary by Angelique Kidjo -- Dramatic gains in treatment access -- Commentary by Kofi Annan -- Eliminating all new child infections -- Safe sex message starts to sink in -- Key populations need more attention -- Commentary by Sasha Volgina -- Male circumcision a critical new HIV prevention tool -- Commentary by Aaron Motsoaledi -- Service integration crucial to linking HIV to MDGs -- Commentary by Chen Zhu -- Summarizing a decade of progress: substantial gains but targets missed -- 2. Regions united for universal access. Africa -- Asia and the Pacific -- Eastern Europe and Central Asia -- Latin America -- The Caribbean -- Middle East and North Africa -- International Advisory Group statement -- Commentary by Jean Ping -- 3. To the next level. End new HIV infections -- Share responsibility and build sustainable outcomes -- Commentary by Edwin Cameron -- Ensure mutual accountability for universal access -- Break the upward trajectory of costs -- Commentary by Amadou Toumani Toure -- Social revolution needed for health of women and girls -- Young leaders share vision, demand rights -- Commentary by Maged EI Sayed EI Rabeiy -- Tutu urges young leaders to keep hope alive -- Commentary by Rachel Arinii Judhistari -- 4. Scorecards and sources.</subfield>
        </datafield>
        <datafield tag="520" ind1=" " ind2=" ">
            <subfield code="a">"The volume describes the worldwide state of the HIV/AIDS epidemic and possible ways forward. Marking the 30 years of AIDS, the report takes stock of the changes occurred in the AIDS epidemic and responses since the condition was first diagnosed in 1981. It also features commentaries from 15 leaders in the global AIDS response, including South Africa's President Jacob Zuma, former United States President Bill Clinton, former President of Brazil Luiz Inácio Lula da Silva, singer Angelique Kidjo and former UN Secretary-General Kofi Annan. It covers a wide range of areas, including the results achieved by HIV prevention efforts, the record number of people starting lifesaving treatment and the decline in resources for HIV. It also draws attention to the significant challenges remaining such as the gender inequalities and the increasing HIV prevalence among key populations at higher risk of infection." -- Library of Congress.</subfield>
        </datafield>
        <datafield tag="650" ind1="1" ind2="7">
            <subfield code="0">1283506</subfield>
            <subfield code="2">unbist</subfield>
            <subfield code="a">AIDS</subfield>
        </datafield>
        <datafield tag="650" ind1="1" ind2="7">
            <subfield code="0">1281210</subfield>
            <subfield code="2">unbist</subfield>
            <subfield code="a">HISTORY</subfield>
        </datafield>
        <datafield tag="650" ind1="1" ind2="7">
            <subfield code="0">1280492</subfield>
            <subfield code="2">unbist</subfield>
            <subfield code="a">MEDICAL TREATMENT</subfield>
        </datafield>
        <datafield tag="650" ind1="1" ind2="7">
            <subfield code="0">1283975</subfield>
            <subfield code="2">unbist</subfield>
            <subfield code="a">AIDS PREVENTION</subfield>
        </datafield>
        <datafield tag="710" ind1="2" ind2=" ">
            <subfield code="0">917240</subfield>
            <subfield code="a">Joint United Nations Programme on HIV/AIDS</subfield>
        </datafield>
        <datafield tag="856" ind1="4" ind2=" ">
            <subfield code="3">Full text</subfield>
            <subfield code="u">http://www.unaids.org/sites/default/files/media_asset/aids-at-30_1.pdf</subfield>
        </datafield>
        <datafield tag="930" ind1=" " ind2=" ">
            <subfield code="a">UNDSE15</subfield>
        </datafield>
        <datafield tag="930" ind1=" " ind2=" ">
            <subfield code="a">WWW</subfield>
        </datafield>
        <datafield tag="980" ind1=" " ind2=" ">
            <subfield code="a">BIB</subfield>
        </datafield>
        <datafield tag="989" ind1=" " ind2=" ">
            <subfield code="a">Documents and Publications</subfield>
            <subfield code="b">Publications</subfield>
        </datafield>
        <datafield tag="998" ind1=" " ind2=" ">
            <subfield code="a">20150909104900</subfield>
            <subfield code="b">pacat</subfield>
            <subfield code="c">20150910121700</subfield>
            <subfield code="d">vvcat</subfield>
        </datafield>
        <datafield tag="999" ind1=" " ind2=" ">
            <subfield code="a">vvr20150909</subfield>
            <subfield code="b">20150909</subfield>
            <subfield code="c">r</subfield>
        </datafield>
        <datafield tag="999" ind1=" " ind2=" ">
            <subfield code="a">pac20150909</subfield>
            <subfield code="b">20150909</subfield>
            <subfield code="c">c</subfield>
        </datafield>
    </record>