

    
    <record>
        <controlfield tag="001">735039</controlfield>
        <controlfield tag="000">00000nam\\2200025#a\4500</controlfield>
        <controlfield tag="005">20170412204237.0</controlfield>
        <controlfield tag="008">121002s2011\\\\usa\\\\#r\\\\\|||1|\eng\d</controlfield>
        <datafield tag="029" ind1=" " ind2=" ">
            <subfield code="a">JN</subfield>
            <subfield code="b">N1161572 E</subfield>
        </datafield>
        <datafield tag="035" ind1=" " ind2=" ">
            <subfield code="a">D0392286</subfield>
        </datafield>
        <datafield tag="035" ind1=" " ind2=" ">
            <subfield code="a">(DHL)982746</subfield>
        </datafield>
        <datafield tag="039" ind1=" " ind2=" ">
            <subfield code="a">DHU</subfield>
        </datafield>
        <datafield tag="040" ind1=" " ind2=" ">
            <subfield code="a">NNUN</subfield>
            <subfield code="b">eng</subfield>
        </datafield>
        <datafield tag="041" ind1=" " ind2=" ">
            <subfield code="a">arachiengfrerusspa</subfield>
        </datafield>
        <datafield tag="049" ind1=" " ind2=" ">
            <subfield code="a">usa</subfield>
        </datafield>
        <datafield tag="089" ind1=" " ind2=" ">
            <subfield code="b">B03</subfield>
        </datafield>
        <datafield tag="089" ind1=" " ind2=" ">
            <subfield code="b">B07</subfield>
        </datafield>
        <datafield tag="091" ind1=" " ind2=" ">
            <subfield code="a">GEN</subfield>
        </datafield>
        <datafield tag="099" ind1=" " ind2=" ">
            <subfield code="a">UNH</subfield>
            <subfield code="b">DHU</subfield>
            <subfield code="c">A(01)/R3</subfield>
            <subfield code="q">A01R3</subfield>
        </datafield>
        <datafield tag="191" ind1=" " ind2=" ">
            <subfield code="0">1228994</subfield>
            <subfield code="9">G88</subfield>
            <subfield code="a">A/66/PV.69</subfield>
            <subfield code="b">A/</subfield>
            <subfield code="c">66</subfield>
            <subfield code="q">A66PV69</subfield>
            <subfield code="r">A66</subfield>
        </datafield>
        <datafield tag="245" ind1="1" ind2="0">
            <subfield code="a">General Assembly official records, 66th session :</subfield>
            <subfield code="b">69th plenary meeting, Wednesday, 30 November 2011, New York</subfield>
        </datafield>
        <datafield tag="260" ind1=" " ind2=" ">
            <subfield code="a">[New York] :</subfield>
            <subfield code="b">UN,</subfield>
            <subfield code="c">[2011]</subfield>
        </datafield>
        <datafield tag="269" ind1=" " ind2=" ">
            <subfield code="a">2011</subfield>
        </datafield>
        <datafield tag="300" ind1=" " ind2=" ">
            <subfield code="a">18 p.</subfield>
        </datafield>
        <datafield tag="495" ind1=" " ind2=" ">
            <subfield code="a">GAOR, 66th sess., Meeting records</subfield>
        </datafield>
        <datafield tag="650" ind1="1" ind2="7">
            <subfield code="0">1278082</subfield>
            <subfield code="2">unbist</subfield>
            <subfield code="a">PALESTINE QUESTION</subfield>
        </datafield>
        <datafield tag="650" ind1="1" ind2="7">
            <subfield code="0">1278084</subfield>
            <subfield code="2">unbist</subfield>
            <subfield code="a">TERRITORIES OCCUPIED BY ISRAEL</subfield>
        </datafield>
        <datafield tag="650" ind1="1" ind2="7">
            <subfield code="0">1277952</subfield>
            <subfield code="2">unbist</subfield>
            <subfield code="a">NEGOTIATION</subfield>
        </datafield>
        <datafield tag="650" ind1="1" ind2="7">
            <subfield code="0">1278078</subfield>
            <subfield code="2">unbist</subfield>
            <subfield code="a">MIDDLE EAST SITUATION</subfield>
        </datafield>
        <datafield tag="651" ind1="1" ind2="7">
            <subfield code="0">1277057</subfield>
            <subfield code="2">unbist</subfield>
            <subfield code="a">GOLAN HEIGHTS</subfield>
        </datafield>
        <datafield tag="793" ind1=" " ind2=" ">
            <subfield code="a">PL</subfield>
        </datafield>
        <datafield tag="856" ind1="4" ind2=" ">
            <subfield code="s">324039</subfield>
            <subfield code="u">http://digitallibrary.un.org/record/735039/files/A_66_PV.69-AR.pdf</subfield>
            <subfield code="y">العربية</subfield>
        </datafield>
        <datafield tag="856" ind1="4" ind2=" ">
            <subfield code="s">319114</subfield>
            <subfield code="u">http://digitallibrary.un.org/record/735039/files/A_66_PV.69-ZH.pdf</subfield>
            <subfield code="y">中文</subfield>
        </datafield>
        <datafield tag="856" ind1="4" ind2=" ">
            <subfield code="s">115998</subfield>
            <subfield code="u">http://digitallibrary.un.org/record/735039/files/A_66_PV.69-EN.pdf</subfield>
            <subfield code="y">English</subfield>
        </datafield>
        <datafield tag="856" ind1="4" ind2=" ">
            <subfield code="s">144495</subfield>
            <subfield code="u">http://digitallibrary.un.org/record/735039/files/A_66_PV.69-FR.pdf</subfield>
            <subfield code="y">Français</subfield>
        </datafield>
        <datafield tag="856" ind1="4" ind2=" ">
            <subfield code="s">414827</subfield>
            <subfield code="u">http://digitallibrary.un.org/record/735039/files/A_66_PV.69-RU.pdf</subfield>
            <subfield code="y">Русский</subfield>
        </datafield>
        <datafield tag="856" ind1="4" ind2=" ">
            <subfield code="s">228708</subfield>
            <subfield code="u">http://digitallibrary.un.org/record/735039/files/A_66_PV.69-ES.pdf</subfield>
            <subfield code="y">Español</subfield>
        </datafield>
        <datafield tag="930" ind1=" " ind2=" ">
            <subfield code="a">UNDOC12</subfield>
        </datafield>
        <datafield tag="949" ind1=" " ind2=" ">
            <subfield code="9">A(01)/R3</subfield>
            <subfield code="b">10000000982746</subfield>
            <subfield code="c">c. 1</subfield>
            <subfield code="d">20121001200000</subfield>
            <subfield code="i">1864780</subfield>
            <subfield code="k">unes</subfield>
            <subfield code="l">DHL</subfield>
            <subfield code="m">14day</subfield>
            <subfield code="z">t</subfield>
        </datafield>
        <datafield tag="980" ind1=" " ind2=" ">
            <subfield code="a">BIB</subfield>
        </datafield>
        <datafield tag="989" ind1=" " ind2=" ">
            <subfield code="a">Documents and Publications</subfield>
            <subfield code="b">Meeting Records</subfield>
            <subfield code="c">Verbatim Records</subfield>
        </datafield>
        <datafield tag="991" ind1="1" ind2=" ">
            <subfield code="0">1230573</subfield>
            <subfield code="a">A/66/251</subfield>
            <subfield code="b">36</subfield>
            <subfield code="c">The situation in the Middle East.</subfield>
            <subfield code="d">MIDDLE EAST SITUATION</subfield>
            <subfield code="e">At the 69th meeting, action on draft resolutions was as follows: draft resolution A/66/L.19, adopted (164-7-5): resolution 66/18; draft resolution A/66/L.20, adopted (119-7-53): resolution 66/19</subfield>
            <subfield code="z">I</subfield>
        </datafield>
        <datafield tag="991" ind1="1" ind2=" ">
            <subfield code="0">1230574</subfield>
            <subfield code="a">A/66/251</subfield>
            <subfield code="b">37</subfield>
            <subfield code="c">Question of Palestine.</subfield>
            <subfield code="d">PALESTINE QUESTION</subfield>
            <subfield code="e">At the 69th meeting, action on draft resolutions was as follows: draft resolution A/66/L.15, adopted (115-8-53): resolution 66/14; draft resolution A/66/L.16, adopted (114-9-54): resolution 66/15; draft resolution A/66/L.17, adopted (168-8-3): resolution 66/16; draft resolution A/66/L.18, adopted (167-7-4): resolution 66/17</subfield>
            <subfield code="z">I</subfield>
        </datafield>
        <datafield tag="992" ind1=" " ind2=" ">
            <subfield code="a">20111130</subfield>
        </datafield>
        <datafield tag="998" ind1=" " ind2=" ">
            <subfield code="a">20121002072600</subfield>
            <subfield code="b">kroy</subfield>
            <subfield code="c">20130301082500</subfield>
            <subfield code="d">slcat</subfield>
        </datafield>
        <datafield tag="999" ind1=" " ind2=" ">
            <subfield code="a">jmu20130301</subfield>
            <subfield code="b">20130301</subfield>
            <subfield code="c">u</subfield>
        </datafield>
        <datafield tag="999" ind1=" " ind2=" ">
            <subfield code="a">jmc20121016</subfield>
            <subfield code="b">20121016</subfield>
            <subfield code="c">c</subfield>
        </datafield>
        <datafield tag="999" ind1=" " ind2=" ">
            <subfield code="a">krq20121002</subfield>
            <subfield code="b">20121002</subfield>
            <subfield code="c">q</subfield>
        </datafield>
        <datafield tag="999" ind1=" " ind2=" ">
            <subfield code="a">slr20130301</subfield>
            <subfield code="b">20130301</subfield>
            <subfield code="c">r</subfield>
        </datafield>
        <datafield tag="999" ind1=" " ind2=" ">
            <subfield code="a">vwt20121024</subfield>
            <subfield code="b">20121024</subfield>
            <subfield code="c">t</subfield>
        </datafield>
        <datafield tag="999" ind1=" " ind2=" ">
            <subfield code="a">vwu20121212</subfield>
            <subfield code="b">20121212</subfield>
            <subfield code="c">u</subfield>
        </datafield>
    </record>