

    
    <record>
        <controlfield tag="001">727474</controlfield>
        <controlfield tag="000">00000nam\\2200025#a\4500</controlfield>
        <controlfield tag="005">20170412220818.0</controlfield>
        <controlfield tag="008">120523s2011\\\\che\\\\#r\\\\\|||1|\eng\d</controlfield>
        <datafield tag="029" ind1=" " ind2=" ">
            <subfield code="a">JN</subfield>
            <subfield code="b">G1142291 E</subfield>
        </datafield>
        <datafield tag="035" ind1=" " ind2=" ">
            <subfield code="a">D0389128</subfield>
        </datafield>
        <datafield tag="035" ind1=" " ind2=" ">
            <subfield code="a">(DHL)974030</subfield>
        </datafield>
        <datafield tag="039" ind1=" " ind2=" ">
            <subfield code="a">DHU</subfield>
        </datafield>
        <datafield tag="040" ind1=" " ind2=" ">
            <subfield code="a">NNUN</subfield>
            <subfield code="b">eng</subfield>
        </datafield>
        <datafield tag="041" ind1=" " ind2=" ">
            <subfield code="a">arachiengfrerusspa</subfield>
        </datafield>
        <datafield tag="049" ind1=" " ind2=" ">
            <subfield code="a">usache</subfield>
        </datafield>
        <datafield tag="089" ind1=" " ind2=" ">
            <subfield code="b">B04</subfield>
        </datafield>
        <datafield tag="089" ind1=" " ind2=" ">
            <subfield code="b">B02</subfield>
        </datafield>
        <datafield tag="091" ind1=" " ind2=" ">
            <subfield code="a">GEN</subfield>
        </datafield>
        <datafield tag="099" ind1=" " ind2=" ">
            <subfield code="a">UNH</subfield>
            <subfield code="b">DHU</subfield>
            <subfield code="c">E(01)/R3</subfield>
            <subfield code="q">E01R3</subfield>
        </datafield>
        <datafield tag="191" ind1=" " ind2=" ">
            <subfield code="0">1228995</subfield>
            <subfield code="9">C00</subfield>
            <subfield code="a">E/2011/22</subfield>
            <subfield code="b">E/</subfield>
            <subfield code="c">2011-S</subfield>
            <subfield code="q">E201122</subfield>
            <subfield code="r">E2011S</subfield>
        </datafield>
        <datafield tag="191" ind1=" " ind2=" ">
            <subfield code="0">1209013</subfield>
            <subfield code="a">E/C.12/2010/3</subfield>
            <subfield code="b">E/C.12/</subfield>
            <subfield code="c">42</subfield>
            <subfield code="q">EC1220103</subfield>
            <subfield code="r">EC1242</subfield>
        </datafield>
        <datafield tag="245" ind1="1" ind2="0">
            <subfield code="a">Committee on Economic, Social and Cultural Rights :</subfield>
            <subfield code="b">report on the 44th and 45th sessions, 3-21 May 2010, 1-19 November 2010</subfield>
        </datafield>
        <datafield tag="260" ind1=" " ind2=" ">
            <subfield code="a">New York ;</subfield>
            <subfield code="a">Geneva :</subfield>
            <subfield code="b">UN,</subfield>
            <subfield code="c">2011</subfield>
        </datafield>
        <datafield tag="269" ind1=" " ind2=" ">
            <subfield code="a">2011</subfield>
        </datafield>
        <datafield tag="300" ind1=" " ind2=" ">
            <subfield code="a">iv, 115 p.</subfield>
        </datafield>
        <datafield tag="495" ind1=" " ind2=" ">
            <subfield code="a">ESCOR, 2011, Suppl. no. 2</subfield>
        </datafield>
        <datafield tag="500" ind1=" " ind2=" ">
            <subfield code="a">Annexes (p. 100-115): 1. Members of the Committee on Economic, Social and Cultural Rights -- 2. Agendas of the 44th of the Committee on Economic, Social and Cultural Rights -- 3. List of general comments adopted by the Committee on Economic, Social and Cultural Rights -- 4. List of statements adopted by the Committee on Economic, Social and Cultural Rights -- 5. Days of general discussion held by the Committee on Economic, Social and Cultural Rights -- 6. General comment No. 20 Non-discrimination in economic, social and cultural rights -- 7. Statement on the right to sanitation -- 8. List of documents of the Committee at its 44th and 45th sessions.</subfield>
        </datafield>
        <datafield tag="610" ind1="2" ind2="7">
            <subfield code="0">1222276</subfield>
            <subfield code="2">unbisn</subfield>
            <subfield code="a">UN. Committee on Economic, Social and Cultural Rights (44th sess. : 2010 : Geneva)</subfield>
        </datafield>
        <datafield tag="610" ind1="2" ind2="7">
            <subfield code="0">1222277</subfield>
            <subfield code="2">unbisn</subfield>
            <subfield code="a">UN. Committee on Economic, Social and Cultural Rights (44th sess. : 2010 : Geneva)</subfield>
            <subfield code="g">Agenda</subfield>
        </datafield>
        <datafield tag="610" ind1="2" ind2="7">
            <subfield code="0">1234989</subfield>
            <subfield code="2">unbisn</subfield>
            <subfield code="a">UN. Committee on Economic, Social and Cultural Rights (44th sess. : 2010 : Geneva)</subfield>
            <subfield code="g">Work organization</subfield>
        </datafield>
        <datafield tag="610" ind1="2" ind2="7">
            <subfield code="0">1228211</subfield>
            <subfield code="2">unbisn</subfield>
            <subfield code="a">UN. Committee on Economic, Social and Cultural Rights (45th sess. : 2010 : Geneva)</subfield>
        </datafield>
        <datafield tag="610" ind1="2" ind2="7">
            <subfield code="0">1226725</subfield>
            <subfield code="2">unbisn</subfield>
            <subfield code="a">UN. Committee on Economic, Social and Cultural Rights (45th sess. : 2010 : Geneva)</subfield>
            <subfield code="g">Agenda</subfield>
        </datafield>
        <datafield tag="610" ind1="2" ind2="7">
            <subfield code="0">1234990</subfield>
            <subfield code="2">unbisn</subfield>
            <subfield code="a">UN. Committee on Economic, Social and Cultural Rights (45th sess. : 2010 : Geneva)</subfield>
            <subfield code="g">Work organization</subfield>
        </datafield>
        <datafield tag="610" ind1="0" ind2="7">
            <subfield code="0">978045</subfield>
            <subfield code="2">unbisn</subfield>
            <subfield code="a">UN. Committee on Economic, Social and Cultural Rights</subfield>
            <subfield code="g">Recommendations</subfield>
        </datafield>
        <datafield tag="610" ind1="0" ind2="7">
            <subfield code="0">952700</subfield>
            <subfield code="2">unbisn</subfield>
            <subfield code="a">UN. Committee on Economic, Social and Cultural Rights</subfield>
            <subfield code="g">Members</subfield>
        </datafield>
        <datafield tag="610" ind1="2" ind2="7">
            <subfield code="0">1224770</subfield>
            <subfield code="2">unbisn</subfield>
            <subfield code="a">Joint Expert Group on the Monitoring of the Right to Education (10th : 2009 : Paris)</subfield>
        </datafield>
        <datafield tag="630" ind1="0" ind2="7">
            <subfield code="0">867791</subfield>
            <subfield code="2">unbisn</subfield>
            <subfield code="a">International Covenant on Economic, Social and Cultural Rights (1966)</subfield>
        </datafield>
        <datafield tag="650" ind1="1" ind2="7">
            <subfield code="0">1281037</subfield>
            <subfield code="2">unbist</subfield>
            <subfield code="a">ECONOMIC, SOCIAL AND CULTURAL RIGHTS</subfield>
        </datafield>
        <datafield tag="650" ind1="1" ind2="7">
            <subfield code="0">1282633</subfield>
            <subfield code="2">unbist</subfield>
            <subfield code="a">PERIODIC REPORTS</subfield>
        </datafield>
        <datafield tag="650" ind1="2" ind2="7">
            <subfield code="0">1284227</subfield>
            <subfield code="2">unbist</subfield>
            <subfield code="a">RIGHT TO CULTURE</subfield>
        </datafield>
        <datafield tag="650" ind1="2" ind2="7">
            <subfield code="0">1281480</subfield>
            <subfield code="2">unbist</subfield>
            <subfield code="a">CULTURAL PARTICIPATION</subfield>
        </datafield>
        <datafield tag="650" ind1="2" ind2="7">
            <subfield code="0">1280359</subfield>
            <subfield code="2">unbist</subfield>
            <subfield code="a">SANITATION</subfield>
        </datafield>
        <datafield tag="650" ind1="2" ind2="7">
            <subfield code="0">1281649</subfield>
            <subfield code="2">unbist</subfield>
            <subfield code="a">DOCUMENTS</subfield>
        </datafield>
        <datafield tag="651" ind1="2" ind2="7">
            <subfield code="0">1282153</subfield>
            <subfield code="2">unbist</subfield>
            <subfield code="a">DOMINICAN REPUBLIC</subfield>
        </datafield>
        <datafield tag="651" ind1="2" ind2="7">
            <subfield code="0">1282245</subfield>
            <subfield code="2">unbist</subfield>
            <subfield code="a">NETHERLANDS</subfield>
        </datafield>
        <datafield tag="651" ind1="2" ind2="7">
            <subfield code="0">1282254</subfield>
            <subfield code="2">unbist</subfield>
            <subfield code="a">SWITZERLAND</subfield>
        </datafield>
        <datafield tag="651" ind1="2" ind2="7">
            <subfield code="0">1282184</subfield>
            <subfield code="2">unbist</subfield>
            <subfield code="a">URUGUAY</subfield>
        </datafield>
        <datafield tag="710" ind1="2" ind2=" ">
            <subfield code="0">1222276</subfield>
            <subfield code="a">UN. Committee on Economic, Social and Cultural Rights (44th sess. : 2010 : Geneva)</subfield>
        </datafield>
        <datafield tag="710" ind1="2" ind2=" ">
            <subfield code="0">1228211</subfield>
            <subfield code="a">UN. Committee on Economic, Social and Cultural Rights (45th sess. : 2010 : Geneva)</subfield>
        </datafield>
        <datafield tag="830" ind1=" " ind2=" ">
            <subfield code="0">1275603</subfield>
            <subfield code="a">Report of the Committee on Economic, Social and Cultural Rights</subfield>
        </datafield>
        <datafield tag="830" ind1=" " ind2=" ">
            <subfield code="0">1275403</subfield>
            <subfield code="a">Economic and Social Council. Official Records. Supplement</subfield>
        </datafield>
        <datafield tag="856" ind1="4" ind2=" ">
            <subfield code="s">904710</subfield>
            <subfield code="u">http://digitallibrary.un.org/record/727474/files/E_2011_22_E_C.12_2010_3-AR.pdf</subfield>
            <subfield code="y">العربية</subfield>
        </datafield>
        <datafield tag="856" ind1="4" ind2=" ">
            <subfield code="s">5074714</subfield>
            <subfield code="u">http://digitallibrary.un.org/record/727474/files/E_2011_22_E_C.12_2010_3-ZH.pdf</subfield>
            <subfield code="y">中文</subfield>
        </datafield>
        <datafield tag="856" ind1="4" ind2=" ">
            <subfield code="s">691446</subfield>
            <subfield code="u">http://digitallibrary.un.org/record/727474/files/E_2011_22_E_C.12_2010_3-EN.pdf</subfield>
            <subfield code="y">English</subfield>
        </datafield>
        <datafield tag="856" ind1="4" ind2=" ">
            <subfield code="s">714364</subfield>
            <subfield code="u">http://digitallibrary.un.org/record/727474/files/E_2011_22_E_C.12_2010_3-FR.pdf</subfield>
            <subfield code="y">Français</subfield>
        </datafield>
        <datafield tag="856" ind1="4" ind2=" ">
            <subfield code="s">1248123</subfield>
            <subfield code="u">http://digitallibrary.un.org/record/727474/files/E_2011_22_E_C.12_2010_3-RU.pdf</subfield>
            <subfield code="y">Русский</subfield>
        </datafield>
        <datafield tag="856" ind1="4" ind2=" ">
            <subfield code="s">803608</subfield>
            <subfield code="u">http://digitallibrary.un.org/record/727474/files/E_2011_22_E_C.12_2010_3-ES.pdf</subfield>
            <subfield code="y">Español</subfield>
        </datafield>
        <datafield tag="930" ind1=" " ind2=" ">
            <subfield code="a">UNDMY12</subfield>
        </datafield>
        <datafield tag="930" ind1=" " ind2=" ">
            <subfield code="a">ITPE12S</subfield>
        </datafield>
        <datafield tag="949" ind1=" " ind2=" ">
            <subfield code="9">E(01)/R3</subfield>
            <subfield code="b">1896301.3.1</subfield>
            <subfield code="c">c. 1</subfield>
            <subfield code="d">20130825200000</subfield>
            <subfield code="i">1896301</subfield>
            <subfield code="k">unss</subfield>
            <subfield code="l">DHL</subfield>
            <subfield code="m">14day</subfield>
            <subfield code="z">t</subfield>
        </datafield>
        <datafield tag="949" ind1=" " ind2=" ">
            <subfield code="9">E(01)/R3</subfield>
            <subfield code="b">1896300.2.1</subfield>
            <subfield code="c">c. 1</subfield>
            <subfield code="d">20130825200000</subfield>
            <subfield code="i">1896300</subfield>
            <subfield code="k">unas</subfield>
            <subfield code="l">DHL</subfield>
            <subfield code="m">14day</subfield>
            <subfield code="z">t</subfield>
        </datafield>
        <datafield tag="949" ind1=" " ind2=" ">
            <subfield code="9">E(01)/R3</subfield>
            <subfield code="b">1896302.4.1</subfield>
            <subfield code="c">c. 1</subfield>
            <subfield code="d">20130825200000</subfield>
            <subfield code="i">1896302</subfield>
            <subfield code="k">unrs</subfield>
            <subfield code="l">DHL</subfield>
            <subfield code="m">14day</subfield>
            <subfield code="z">t</subfield>
        </datafield>
        <datafield tag="949" ind1=" " ind2=" ">
            <subfield code="9">E(01)/R3</subfield>
            <subfield code="b">10000000974030</subfield>
            <subfield code="c">c. 1</subfield>
            <subfield code="d">20120522200000</subfield>
            <subfield code="i">1854170</subfield>
            <subfield code="k">unes</subfield>
            <subfield code="l">DHL</subfield>
            <subfield code="m">14day</subfield>
            <subfield code="z">t</subfield>
        </datafield>
        <datafield tag="949" ind1=" " ind2=" ">
            <subfield code="9">E(01)/R3</subfield>
            <subfield code="b">1896299.1.1</subfield>
            <subfield code="c">c. 1</subfield>
            <subfield code="d">20130825200000</subfield>
            <subfield code="i">1896299</subfield>
            <subfield code="k">uncs</subfield>
            <subfield code="l">DHL</subfield>
            <subfield code="m">14day</subfield>
            <subfield code="z">t</subfield>
        </datafield>
        <datafield tag="980" ind1=" " ind2=" ">
            <subfield code="a">BIB</subfield>
        </datafield>
        <datafield tag="989" ind1=" " ind2=" ">
            <subfield code="a">Documents and Publications</subfield>
            <subfield code="b">Reports</subfield>
            <subfield code="c">Annual and Sessional Reports</subfield>
        </datafield>
        <datafield tag="989" ind1=" " ind2=" ">
            <subfield code="a">Documents and Publications</subfield>
            <subfield code="b">Draft Resolutions and Decisions</subfield>
        </datafield>
        <datafield tag="991" ind1="2" ind2=" ">
            <subfield code="0">1235020</subfield>
            <subfield code="a">E/2011/100</subfield>
            <subfield code="b">14g[1]</subfield>
            <subfield code="d">ECONOMIC, SOCIAL AND CULTURAL RIGHTS--TREATY (1966)</subfield>
            <subfield code="z">I</subfield>
        </datafield>
        <datafield tag="991" ind1="2" ind2=" ">
            <subfield code="0">1232187</subfield>
            <subfield code="a">E/2011/100</subfield>
            <subfield code="b">14g</subfield>
            <subfield code="c">Human rights.</subfield>
            <subfield code="d">HUMAN RIGHTS</subfield>
            <subfield code="z">I</subfield>
        </datafield>
        <datafield tag="991" ind1="2" ind2=" ">
            <subfield code="0">1240931</subfield>
            <subfield code="a">E/2012/100</subfield>
            <subfield code="b">14g[1]</subfield>
            <subfield code="d">ECONOMIC, SOCIAL AND CULTURAL RIGHTS--TREATY (1966)</subfield>
            <subfield code="m">E/</subfield>
            <subfield code="s">2012-S</subfield>
            <subfield code="z">I</subfield>
        </datafield>
        <datafield tag="991" ind1="2" ind2=" ">
            <subfield code="0">1240856</subfield>
            <subfield code="a">E/2012/100</subfield>
            <subfield code="b">14g</subfield>
            <subfield code="c">Human rights.</subfield>
            <subfield code="d">HUMAN RIGHTS</subfield>
            <subfield code="m">E/</subfield>
            <subfield code="s">2012-S</subfield>
            <subfield code="z">I</subfield>
        </datafield>
        <datafield tag="998" ind1=" " ind2=" ">
            <subfield code="a">20120523060200</subfield>
            <subfield code="b">kroy</subfield>
            <subfield code="c">20170116103900</subfield>
            <subfield code="d">tbcat</subfield>
        </datafield>
        <datafield tag="999" ind1=" " ind2=" ">
            <subfield code="a">krq20120523</subfield>
            <subfield code="b">20120523</subfield>
            <subfield code="c">q</subfield>
        </datafield>
        <datafield tag="999" ind1=" " ind2=" ">
            <subfield code="a">mhc20120523</subfield>
            <subfield code="b">20120523</subfield>
            <subfield code="c">c</subfield>
        </datafield>
        <datafield tag="999" ind1=" " ind2=" ">
            <subfield code="a">slr20120523</subfield>
            <subfield code="b">20120523</subfield>
            <subfield code="c">r</subfield>
        </datafield>
        <datafield tag="999" ind1=" " ind2=" ">
            <subfield code="a">vwt20120531</subfield>
            <subfield code="b">20120531</subfield>
            <subfield code="c">t</subfield>
        </datafield>
        <datafield tag="999" ind1=" " ind2=" ">
            <subfield code="a">vwu20120731</subfield>
            <subfield code="b">20120731</subfield>
            <subfield code="c">u</subfield>
        </datafield>
        <datafield tag="999" ind1=" " ind2=" ">
            <subfield code="a">bci20130826</subfield>
            <subfield code="b">20130826</subfield>
            <subfield code="c">i</subfield>
        </datafield>
        <datafield tag="999" ind1=" " ind2=" ">
            <subfield code="a">vwu20121018</subfield>
            <subfield code="b">20121018</subfield>
            <subfield code="c">u</subfield>
        </datafield>
        <datafield tag="999" ind1=" " ind2=" ">
            <subfield code="a">vwu20130701</subfield>
            <subfield code="b">20130701</subfield>
            <subfield code="c">u</subfield>
        </datafield>
        <datafield tag="999" ind1=" " ind2=" ">
            <subfield code="a">tbu20170116</subfield>
            <subfield code="b">20170116</subfield>
            <subfield code="c">u</subfield>
        </datafield>
    </record>