

    
    <record>
        <controlfield tag="001">727344</controlfield>
        <controlfield tag="000">00000nam\\2200025#a\4500</controlfield>
        <controlfield tag="005">20170412220816.0</controlfield>
        <controlfield tag="008">120522s2012\\\\usa\\\\#r\\\\\|||1|\eng\d</controlfield>
        <datafield tag="029" ind1=" " ind2=" ">
            <subfield code="a">JN</subfield>
            <subfield code="b">N1229567 E</subfield>
        </datafield>
        <datafield tag="035" ind1=" " ind2=" ">
            <subfield code="a">D0389044</subfield>
        </datafield>
        <datafield tag="035" ind1=" " ind2=" ">
            <subfield code="a">(DHL)973861</subfield>
        </datafield>
        <datafield tag="039" ind1=" " ind2=" ">
            <subfield code="a">DHU</subfield>
        </datafield>
        <datafield tag="040" ind1=" " ind2=" ">
            <subfield code="a">NNUN</subfield>
            <subfield code="b">eng</subfield>
        </datafield>
        <datafield tag="041" ind1=" " ind2=" ">
            <subfield code="a">arachiengfrerusspa</subfield>
        </datafield>
        <datafield tag="049" ind1=" " ind2=" ">
            <subfield code="a">usa</subfield>
        </datafield>
        <datafield tag="089" ind1=" " ind2=" ">
            <subfield code="b">B04</subfield>
        </datafield>
        <datafield tag="089" ind1=" " ind2=" ">
            <subfield code="b">B02</subfield>
        </datafield>
        <datafield tag="091" ind1=" " ind2=" ">
            <subfield code="a">GEN</subfield>
        </datafield>
        <datafield tag="099" ind1=" " ind2=" ">
            <subfield code="a">UNH</subfield>
            <subfield code="b">DHU</subfield>
            <subfield code="c">E(01)/R3</subfield>
            <subfield code="q">E01R3</subfield>
        </datafield>
        <datafield tag="191" ind1=" " ind2=" ">
            <subfield code="0">1228995</subfield>
            <subfield code="9">C00</subfield>
            <subfield code="a">E/2011/46</subfield>
            <subfield code="b">E/</subfield>
            <subfield code="c">2011-S</subfield>
            <subfield code="q">E201146</subfield>
            <subfield code="r">E2011S</subfield>
        </datafield>
        <datafield tag="191" ind1=" " ind2=" ">
            <subfield code="0">1242273</subfield>
            <subfield code="a">E/C.20/2011/7</subfield>
            <subfield code="b">E/C.20/</subfield>
            <subfield code="c">1</subfield>
            <subfield code="q">EC2020117</subfield>
            <subfield code="r">EC201</subfield>
        </datafield>
        <datafield tag="245" ind1="1" ind2="0">
            <subfield code="a">United Nations Committee of Experts on Global Geospatial Information Management :</subfield>
            <subfield code="b">report on the 1st session (26 October 2011)</subfield>
        </datafield>
        <datafield tag="260" ind1=" " ind2=" ">
            <subfield code="a">New York : </subfield>
            <subfield code="b">UN, </subfield>
            <subfield code="c">2011</subfield>
        </datafield>
        <datafield tag="269" ind1=" " ind2=" ">
            <subfield code="a">2011</subfield>
        </datafield>
        <datafield tag="300" ind1=" " ind2=" ">
            <subfield code="a">iii, 25 p.</subfield>
        </datafield>
        <datafield tag="495" ind1=" " ind2=" ">
            <subfield code="a">ESCOR, 2011, Suppl. no. 26</subfield>
        </datafield>
        <datafield tag="610" ind1="2" ind2="7">
            <subfield code="0">1241148</subfield>
            <subfield code="2">unbisn</subfield>
            <subfield code="a">UN. Committee of Experts on Global Geospatial Information Management (1st sess. : 2011 : New York)</subfield>
        </datafield>
        <datafield tag="610" ind1="2" ind2="7">
            <subfield code="0">1241146</subfield>
            <subfield code="2">unbisn</subfield>
            <subfield code="a">UN. Committee of Experts on Global Geospatial Information Management (2nd sess. : 2012 : New York)</subfield>
            <subfield code="g">Agenda</subfield>
        </datafield>
        <datafield tag="650" ind1="1" ind2="7">
            <subfield code="0">1283859</subfield>
            <subfield code="2">unbist</subfield>
            <subfield code="a">GEOGRAPHIC INFORMATION SYSTEMS</subfield>
        </datafield>
        <datafield tag="650" ind1="1" ind2="7">
            <subfield code="0">1285232</subfield>
            <subfield code="2">unbist</subfield>
            <subfield code="a">GEOSPATIAL INFORMATION MANAGEMENT</subfield>
        </datafield>
        <datafield tag="650" ind1="2" ind2="7">
            <subfield code="0">1282069</subfield>
            <subfield code="2">unbist</subfield>
            <subfield code="a">SPACE TECHNOLOGY</subfield>
        </datafield>
        <datafield tag="710" ind1="2" ind2=" ">
            <subfield code="0">1241148</subfield>
            <subfield code="a">UN. Committee of Experts on Global Geospatial Information Management (1st sess. : 2011 : New York)</subfield>
        </datafield>
        <datafield tag="830" ind1=" " ind2=" ">
            <subfield code="0">1275403</subfield>
            <subfield code="a">Economic and Social Council. Official Records. Supplement</subfield>
        </datafield>
        <datafield tag="830" ind1=" " ind2=" ">
            <subfield code="0">1275597</subfield>
            <subfield code="a">Report of the Committee of Experts on Global Geospatial Information Management</subfield>
        </datafield>
        <datafield tag="856" ind1="4" ind2=" ">
            <subfield code="s">155607</subfield>
            <subfield code="u">http://digitallibrary.un.org/record/727344/files/E_2011_46_E_C.20_2011_7-AR.pdf</subfield>
            <subfield code="y">العربية</subfield>
        </datafield>
        <datafield tag="856" ind1="4" ind2=" ">
            <subfield code="s">189014</subfield>
            <subfield code="u">http://digitallibrary.un.org/record/727344/files/E_2011_46_E_C.20_2011_7-ZH.pdf</subfield>
            <subfield code="y">中文</subfield>
        </datafield>
        <datafield tag="856" ind1="4" ind2=" ">
            <subfield code="s">68329</subfield>
            <subfield code="u">http://digitallibrary.un.org/record/727344/files/E_2011_46_E_C.20_2011_7-EN.pdf</subfield>
            <subfield code="y">English</subfield>
        </datafield>
        <datafield tag="856" ind1="4" ind2=" ">
            <subfield code="s">67975</subfield>
            <subfield code="u">http://digitallibrary.un.org/record/727344/files/E_2011_46_E_C.20_2011_7-FR.pdf</subfield>
            <subfield code="y">Français</subfield>
        </datafield>
        <datafield tag="856" ind1="4" ind2=" ">
            <subfield code="s">258619</subfield>
            <subfield code="u">http://digitallibrary.un.org/record/727344/files/E_2011_46_E_C.20_2011_7-RU.pdf</subfield>
            <subfield code="y">Русский</subfield>
        </datafield>
        <datafield tag="856" ind1="4" ind2=" ">
            <subfield code="s">155607</subfield>
            <subfield code="u">http://digitallibrary.un.org/record/727344/files/E_2011_46_E_C.20_2011_7-ES.pdf</subfield>
            <subfield code="y">Español</subfield>
        </datafield>
        <datafield tag="930" ind1=" " ind2=" ">
            <subfield code="a">UNDMY12</subfield>
        </datafield>
        <datafield tag="930" ind1=" " ind2=" ">
            <subfield code="a">ITPE12S</subfield>
        </datafield>
        <datafield tag="949" ind1=" " ind2=" ">
            <subfield code="9">E/C.20/2011/7</subfield>
            <subfield code="b">1853802.5.1</subfield>
            <subfield code="c">c. 1</subfield>
            <subfield code="d">20120521200000</subfield>
            <subfield code="i">1853802</subfield>
            <subfield code="k">unrs</subfield>
            <subfield code="l">DHL</subfield>
            <subfield code="m">14day</subfield>
            <subfield code="z">t</subfield>
        </datafield>
        <datafield tag="949" ind1=" " ind2=" ">
            <subfield code="9">E(01)/R3</subfield>
            <subfield code="b">1853788.3.1</subfield>
            <subfield code="c">c. 1</subfield>
            <subfield code="d">20120521200000</subfield>
            <subfield code="i">1853788</subfield>
            <subfield code="k">unfs</subfield>
            <subfield code="l">DHL</subfield>
            <subfield code="m">14day</subfield>
            <subfield code="z">t</subfield>
        </datafield>
        <datafield tag="949" ind1=" " ind2=" ">
            <subfield code="9">E(01)/R3</subfield>
            <subfield code="b">1853789.4.1</subfield>
            <subfield code="c">c. 1</subfield>
            <subfield code="d">20120521200000</subfield>
            <subfield code="i">1853789</subfield>
            <subfield code="k">unrs</subfield>
            <subfield code="l">DHL</subfield>
            <subfield code="m">14day</subfield>
            <subfield code="z">t</subfield>
        </datafield>
        <datafield tag="949" ind1=" " ind2=" ">
            <subfield code="9">E/C.20/2011/7</subfield>
            <subfield code="b">1853801.4.1</subfield>
            <subfield code="c">c. 1</subfield>
            <subfield code="d">20120521200000</subfield>
            <subfield code="i">1853801</subfield>
            <subfield code="k">unfs</subfield>
            <subfield code="l">DHL</subfield>
            <subfield code="m">14day</subfield>
            <subfield code="z">t</subfield>
        </datafield>
        <datafield tag="949" ind1=" " ind2=" ">
            <subfield code="9">E(01)/R3</subfield>
            <subfield code="b">10000000973861</subfield>
            <subfield code="c">c. 1</subfield>
            <subfield code="d">20120521200000</subfield>
            <subfield code="i">1853785</subfield>
            <subfield code="k">unes</subfield>
            <subfield code="l">DHL</subfield>
            <subfield code="m">14day</subfield>
            <subfield code="z">t</subfield>
        </datafield>
        <datafield tag="949" ind1=" " ind2=" ">
            <subfield code="9">E/C.20/2011/7</subfield>
            <subfield code="b">1853799.2.1</subfield>
            <subfield code="c">c. 1</subfield>
            <subfield code="d">20120521200000</subfield>
            <subfield code="i">1853799</subfield>
            <subfield code="k">unas</subfield>
            <subfield code="l">DHL</subfield>
            <subfield code="m">14day</subfield>
            <subfield code="z">t</subfield>
        </datafield>
        <datafield tag="949" ind1=" " ind2=" ">
            <subfield code="9">E/C.20/2011/7</subfield>
            <subfield code="b">1853803.6.1</subfield>
            <subfield code="c">c. 1</subfield>
            <subfield code="d">20120521200000</subfield>
            <subfield code="i">1853803</subfield>
            <subfield code="k">unss</subfield>
            <subfield code="l">DHL</subfield>
            <subfield code="m">14day</subfield>
            <subfield code="z">t</subfield>
        </datafield>
        <datafield tag="949" ind1=" " ind2=" ">
            <subfield code="9">E/C.20/2011/7</subfield>
            <subfield code="b">1853798.1.1</subfield>
            <subfield code="c">c. 1</subfield>
            <subfield code="d">20120521200000</subfield>
            <subfield code="i">1853798</subfield>
            <subfield code="k">unes</subfield>
            <subfield code="l">DHL</subfield>
            <subfield code="m">14day</subfield>
            <subfield code="z">t</subfield>
        </datafield>
        <datafield tag="949" ind1=" " ind2=" ">
            <subfield code="9">E(01)/R3</subfield>
            <subfield code="b">1853787.2.1</subfield>
            <subfield code="c">c. 1</subfield>
            <subfield code="d">20120521200000</subfield>
            <subfield code="i">1853787</subfield>
            <subfield code="k">uncs</subfield>
            <subfield code="l">DHL</subfield>
            <subfield code="m">14day</subfield>
            <subfield code="z">t</subfield>
        </datafield>
        <datafield tag="949" ind1=" " ind2=" ">
            <subfield code="9">E(01)/R3</subfield>
            <subfield code="b">1853790.5.1</subfield>
            <subfield code="c">c. 1</subfield>
            <subfield code="d">20120521200000</subfield>
            <subfield code="i">1853790</subfield>
            <subfield code="k">unss</subfield>
            <subfield code="l">DHL</subfield>
            <subfield code="m">14day</subfield>
            <subfield code="z">t</subfield>
        </datafield>
        <datafield tag="949" ind1=" " ind2=" ">
            <subfield code="9">E/C.20/2011/7</subfield>
            <subfield code="b">1853800.3.1</subfield>
            <subfield code="c">c. 1</subfield>
            <subfield code="d">20120521200000</subfield>
            <subfield code="i">1853800</subfield>
            <subfield code="k">uncs</subfield>
            <subfield code="l">DHL</subfield>
            <subfield code="m">14day</subfield>
            <subfield code="z">t</subfield>
        </datafield>
        <datafield tag="949" ind1=" " ind2=" ">
            <subfield code="9">E(01)/R3</subfield>
            <subfield code="b">1853786.1.1</subfield>
            <subfield code="c">c. 1</subfield>
            <subfield code="d">20120521200000</subfield>
            <subfield code="i">1853786</subfield>
            <subfield code="k">unas</subfield>
            <subfield code="l">DHL</subfield>
            <subfield code="m">14day</subfield>
            <subfield code="z">t</subfield>
        </datafield>
        <datafield tag="980" ind1=" " ind2=" ">
            <subfield code="a">BIB</subfield>
        </datafield>
        <datafield tag="989" ind1=" " ind2=" ">
            <subfield code="a">Documents and Publications</subfield>
            <subfield code="b">Reports</subfield>
            <subfield code="c">Annual and Sessional Reports</subfield>
        </datafield>
        <datafield tag="989" ind1=" " ind2=" ">
            <subfield code="a">Documents and Publications</subfield>
            <subfield code="b">Draft Resolutions and Decisions</subfield>
        </datafield>
        <datafield tag="991" ind1="2" ind2=" ">
            <subfield code="0">1232177</subfield>
            <subfield code="a">E/2011/100</subfield>
            <subfield code="b">13k</subfield>
            <subfield code="c">Cartography.</subfield>
            <subfield code="d">CARTOGRAPHY</subfield>
            <subfield code="z">I</subfield>
        </datafield>
        <datafield tag="991" ind1="2" ind2=" ">
            <subfield code="0">1240847</subfield>
            <subfield code="a">E/2012/100</subfield>
            <subfield code="b">13j</subfield>
            <subfield code="c">Cartography.</subfield>
            <subfield code="d">CARTOGRAPHY</subfield>
            <subfield code="m">E/</subfield>
            <subfield code="s">2012-S</subfield>
            <subfield code="z">I</subfield>
        </datafield>
        <datafield tag="998" ind1=" " ind2=" ">
            <subfield code="a">20120522052900</subfield>
            <subfield code="b">bccat</subfield>
            <subfield code="c">20170112111900</subfield>
            <subfield code="d">tbcat</subfield>
        </datafield>
        <datafield tag="999" ind1=" " ind2=" ">
            <subfield code="a">jmu20120628</subfield>
            <subfield code="b">20120628</subfield>
            <subfield code="c">u</subfield>
        </datafield>
        <datafield tag="999" ind1=" " ind2=" ">
            <subfield code="a">bcq20120522</subfield>
            <subfield code="b">20120522</subfield>
            <subfield code="c">q</subfield>
        </datafield>
        <datafield tag="999" ind1=" " ind2=" ">
            <subfield code="a">slr20120523</subfield>
            <subfield code="b">20120523</subfield>
            <subfield code="c">r</subfield>
        </datafield>
        <datafield tag="999" ind1=" " ind2=" ">
            <subfield code="a">slu20120612</subfield>
            <subfield code="b">20120612</subfield>
            <subfield code="c">u</subfield>
        </datafield>
        <datafield tag="999" ind1=" " ind2=" ">
            <subfield code="a">mhc20120522</subfield>
            <subfield code="b">20120522</subfield>
            <subfield code="c">c</subfield>
        </datafield>
        <datafield tag="999" ind1=" " ind2=" ">
            <subfield code="a">vwt20120605</subfield>
            <subfield code="b">20120605</subfield>
            <subfield code="c">t</subfield>
        </datafield>
        <datafield tag="999" ind1=" " ind2=" ">
            <subfield code="a">vwu20120612</subfield>
            <subfield code="b">20120612</subfield>
            <subfield code="c">u</subfield>
        </datafield>
        <datafield tag="999" ind1=" " ind2=" ">
            <subfield code="a">vwu20130701</subfield>
            <subfield code="b">20130701</subfield>
            <subfield code="c">u</subfield>
        </datafield>
        <datafield tag="999" ind1=" " ind2=" ">
            <subfield code="a">tbu20170112</subfield>
            <subfield code="b">20170112</subfield>
            <subfield code="c">u</subfield>
        </datafield>
    </record>