

    
    <record>
        <controlfield tag="001">724501</controlfield>
        <controlfield tag="000">00000nam\\2200025#a\4500</controlfield>
        <controlfield tag="005">20170412203921.0</controlfield>
        <controlfield tag="008">120412s2011\\\\usa\\\\#r\\\\\|||1|\eng\d</controlfield>
        <datafield tag="029" ind1=" " ind2=" ">
            <subfield code="a">JN</subfield>
            <subfield code="b">N1152980 E</subfield>
        </datafield>
        <datafield tag="035" ind1=" " ind2=" ">
            <subfield code="a">D0387940</subfield>
        </datafield>
        <datafield tag="035" ind1=" " ind2=" ">
            <subfield code="a">(DHL)970747</subfield>
        </datafield>
        <datafield tag="039" ind1=" " ind2=" ">
            <subfield code="a">DHU</subfield>
        </datafield>
        <datafield tag="040" ind1=" " ind2=" ">
            <subfield code="a">NNUN</subfield>
            <subfield code="b">eng</subfield>
        </datafield>
        <datafield tag="041" ind1=" " ind2=" ">
            <subfield code="a">arachiengfrerusspa</subfield>
        </datafield>
        <datafield tag="049" ind1=" " ind2=" ">
            <subfield code="a">usa</subfield>
        </datafield>
        <datafield tag="089" ind1=" " ind2=" ">
            <subfield code="b">B03</subfield>
        </datafield>
        <datafield tag="091" ind1=" " ind2=" ">
            <subfield code="a">GEN</subfield>
        </datafield>
        <datafield tag="099" ind1=" " ind2=" ">
            <subfield code="a">UNH</subfield>
            <subfield code="b">DHU</subfield>
            <subfield code="c">A(01)/R3</subfield>
            <subfield code="q">A01R3</subfield>
        </datafield>
        <datafield tag="191" ind1=" " ind2=" ">
            <subfield code="0">1228994</subfield>
            <subfield code="9">G11</subfield>
            <subfield code="a">A/C.1/66/PV.4</subfield>
            <subfield code="b">A/</subfield>
            <subfield code="c">66</subfield>
            <subfield code="q">AC166PV4</subfield>
            <subfield code="r">A66</subfield>
        </datafield>
        <datafield tag="245" ind1="1" ind2="0">
            <subfield code="a">General Assembly official records, 66th session :</subfield>
            <subfield code="b">1st Committee, 4th meeting, Tuesday, 4 October 2011, New York</subfield>
        </datafield>
        <datafield tag="260" ind1=" " ind2=" ">
            <subfield code="a">[New York] :</subfield>
            <subfield code="b">UN,</subfield>
            <subfield code="c">[2011]</subfield>
        </datafield>
        <datafield tag="269" ind1=" " ind2=" ">
            <subfield code="a">2011</subfield>
        </datafield>
        <datafield tag="300" ind1=" " ind2=" ">
            <subfield code="a">31 p.</subfield>
        </datafield>
        <datafield tag="495" ind1=" " ind2=" ">
            <subfield code="a">GAOR, 66th sess., 1st Committee</subfield>
        </datafield>
        <datafield tag="650" ind1="1" ind2="7">
            <subfield code="0">1278032</subfield>
            <subfield code="2">unbist</subfield>
            <subfield code="a">NUCLEAR NON-PROLIFERATION</subfield>
        </datafield>
        <datafield tag="650" ind1="1" ind2="7">
            <subfield code="0">1278031</subfield>
            <subfield code="2">unbist</subfield>
            <subfield code="a">NUCLEAR DISARMAMENT</subfield>
        </datafield>
        <datafield tag="650" ind1="1" ind2="7">
            <subfield code="0">1278036</subfield>
            <subfield code="2">unbist</subfield>
            <subfield code="a">NUCLEAR-WEAPON-FREE ZONES</subfield>
        </datafield>
        <datafield tag="650" ind1="1" ind2="7">
            <subfield code="0">1284405</subfield>
            <subfield code="2">unbist</subfield>
            <subfield code="a">SMALL ARMS</subfield>
        </datafield>
        <datafield tag="650" ind1="1" ind2="7">
            <subfield code="0">1277985</subfield>
            <subfield code="2">unbist</subfield>
            <subfield code="a">CONVENTIONAL WEAPONS</subfield>
        </datafield>
        <datafield tag="650" ind1="1" ind2="7">
            <subfield code="0">1278038</subfield>
            <subfield code="2">unbist</subfield>
            <subfield code="a">NUCLEAR WEAPON TESTS</subfield>
        </datafield>
        <datafield tag="650" ind1="1" ind2="7">
            <subfield code="0">1282430</subfield>
            <subfield code="2">unbist</subfield>
            <subfield code="a">ARMS LIMITATION</subfield>
        </datafield>
        <datafield tag="650" ind1="2" ind2="7">
            <subfield code="0">1282820</subfield>
            <subfield code="2">unbist</subfield>
            <subfield code="a">DISARMAMENT AGREEMENTS</subfield>
        </datafield>
        <datafield tag="650" ind1="2" ind2="7">
            <subfield code="0">1282544</subfield>
            <subfield code="2">unbist</subfield>
            <subfield code="a">GENERAL DEBATE</subfield>
        </datafield>
        <datafield tag="651" ind1="1" ind2="7">
            <subfield code="0">1282265</subfield>
            <subfield code="2">unbist</subfield>
            <subfield code="a">MIDDLE EAST</subfield>
        </datafield>
        <datafield tag="793" ind1=" " ind2=" ">
            <subfield code="a">01</subfield>
        </datafield>
        <datafield tag="856" ind1="4" ind2=" ">
            <subfield code="s">532818</subfield>
            <subfield code="u">http://digitallibrary.un.org/record/724501/files/A_C.1_66_PV.4-AR.pdf</subfield>
            <subfield code="y">العربية</subfield>
        </datafield>
        <datafield tag="856" ind1="4" ind2=" ">
            <subfield code="s">378879</subfield>
            <subfield code="u">http://digitallibrary.un.org/record/724501/files/A_C.1_66_PV.4-ZH.pdf</subfield>
            <subfield code="y">中文</subfield>
        </datafield>
        <datafield tag="856" ind1="4" ind2=" ">
            <subfield code="s">233540</subfield>
            <subfield code="u">http://digitallibrary.un.org/record/724501/files/A_C.1_66_PV.4-EN.pdf</subfield>
            <subfield code="y">English</subfield>
        </datafield>
        <datafield tag="856" ind1="4" ind2=" ">
            <subfield code="s">260978</subfield>
            <subfield code="u">http://digitallibrary.un.org/record/724501/files/A_C.1_66_PV.4-FR.pdf</subfield>
            <subfield code="y">Français</subfield>
        </datafield>
        <datafield tag="856" ind1="4" ind2=" ">
            <subfield code="s">641759</subfield>
            <subfield code="u">http://digitallibrary.un.org/record/724501/files/A_C.1_66_PV.4-RU.pdf</subfield>
            <subfield code="y">Русский</subfield>
        </datafield>
        <datafield tag="856" ind1="4" ind2=" ">
            <subfield code="s">302736</subfield>
            <subfield code="u">http://digitallibrary.un.org/record/724501/files/A_C.1_66_PV.4-ES.pdf</subfield>
            <subfield code="y">Español</subfield>
        </datafield>
        <datafield tag="930" ind1=" " ind2=" ">
            <subfield code="a">UNDAP12</subfield>
        </datafield>
        <datafield tag="949" ind1=" " ind2=" ">
            <subfield code="9">A(01)/R3</subfield>
            <subfield code="b">1846349.2.1</subfield>
            <subfield code="c">c. 1</subfield>
            <subfield code="d">20120411200000</subfield>
            <subfield code="i">1846349</subfield>
            <subfield code="k">uncs</subfield>
            <subfield code="l">DHL</subfield>
            <subfield code="m">14day</subfield>
            <subfield code="z">t</subfield>
        </datafield>
        <datafield tag="949" ind1=" " ind2=" ">
            <subfield code="9">A(01)/R3</subfield>
            <subfield code="b">1846352.5.1</subfield>
            <subfield code="c">c. 1</subfield>
            <subfield code="d">20120411200000</subfield>
            <subfield code="i">1846352</subfield>
            <subfield code="k">unss</subfield>
            <subfield code="l">DHL</subfield>
            <subfield code="m">14day</subfield>
            <subfield code="z">t</subfield>
        </datafield>
        <datafield tag="949" ind1=" " ind2=" ">
            <subfield code="9">A(01)/R3</subfield>
            <subfield code="b">1846351.4.1</subfield>
            <subfield code="c">c. 1</subfield>
            <subfield code="d">20120411200000</subfield>
            <subfield code="i">1846351</subfield>
            <subfield code="k">unrs</subfield>
            <subfield code="l">DHL</subfield>
            <subfield code="m">14day</subfield>
            <subfield code="z">t</subfield>
        </datafield>
        <datafield tag="949" ind1=" " ind2=" ">
            <subfield code="9">A(01)/R3</subfield>
            <subfield code="b">1846350.3.1</subfield>
            <subfield code="c">c. 1</subfield>
            <subfield code="d">20120411200000</subfield>
            <subfield code="i">1846350</subfield>
            <subfield code="k">unfs</subfield>
            <subfield code="l">DHL</subfield>
            <subfield code="m">14day</subfield>
            <subfield code="z">t</subfield>
        </datafield>
        <datafield tag="949" ind1=" " ind2=" ">
            <subfield code="9">A(01)/R3</subfield>
            <subfield code="b">1846348.1.1</subfield>
            <subfield code="c">c. 1</subfield>
            <subfield code="d">20120411200000</subfield>
            <subfield code="i">1846348</subfield>
            <subfield code="k">unas</subfield>
            <subfield code="l">DHL</subfield>
            <subfield code="m">14day</subfield>
            <subfield code="z">t</subfield>
        </datafield>
        <datafield tag="949" ind1=" " ind2=" ">
            <subfield code="9">A(01)/R3</subfield>
            <subfield code="b">10000000970747</subfield>
            <subfield code="c">c. 1</subfield>
            <subfield code="d">20120411200000</subfield>
            <subfield code="i">1846347</subfield>
            <subfield code="k">unes</subfield>
            <subfield code="l">DHL</subfield>
            <subfield code="m">14day</subfield>
            <subfield code="z">t</subfield>
        </datafield>
        <datafield tag="980" ind1=" " ind2=" ">
            <subfield code="a">BIB</subfield>
        </datafield>
        <datafield tag="989" ind1=" " ind2=" ">
            <subfield code="a">Documents and Publications</subfield>
            <subfield code="b">Meeting Records</subfield>
            <subfield code="c">Verbatim Records</subfield>
        </datafield>
        <datafield tag="991" ind1="1" ind2=" ">
            <subfield code="0">1234476</subfield>
            <subfield code="a">A/66/251</subfield>
            <subfield code="b">8[1]</subfield>
            <subfield code="d">UN. GENERAL ASSEMBLY (66TH SESS. : 2011-2012). 1ST COMMITTEE--GENERAL DEBATE</subfield>
            <subfield code="z">I</subfield>
        </datafield>
        <datafield tag="992" ind1=" " ind2=" ">
            <subfield code="a">20111004</subfield>
        </datafield>
        <datafield tag="998" ind1=" " ind2=" ">
            <subfield code="a">20120412052200</subfield>
            <subfield code="b">bccat</subfield>
            <subfield code="c">20151209102500</subfield>
            <subfield code="d">mhref</subfield>
        </datafield>
        <datafield tag="999" ind1=" " ind2=" ">
            <subfield code="a">slr20120413</subfield>
            <subfield code="b">20120413</subfield>
            <subfield code="c">r</subfield>
        </datafield>
        <datafield tag="999" ind1=" " ind2=" ">
            <subfield code="a">bcq20120412</subfield>
            <subfield code="b">20120412</subfield>
            <subfield code="c">q</subfield>
        </datafield>
        <datafield tag="999" ind1=" " ind2=" ">
            <subfield code="a">mhc20120412</subfield>
            <subfield code="b">20120412</subfield>
            <subfield code="c">c</subfield>
        </datafield>
        <datafield tag="999" ind1=" " ind2=" ">
            <subfield code="a">vwt20120723</subfield>
            <subfield code="b">20120723</subfield>
            <subfield code="c">t</subfield>
        </datafield>
    </record>