

    
    <record>
        <controlfield tag="001">722547</controlfield>
        <controlfield tag="000">00000nam\\2200025#a\4500</controlfield>
        <controlfield tag="005">20170412211804.0</controlfield>
        <controlfield tag="008">120314s2011\\\\usa\\\\#r\\\\\|||1|\eng\d</controlfield>
        <datafield tag="020" ind1=" " ind2=" ">
            <subfield code="a">9789218900333</subfield>
        </datafield>
        <datafield tag="022" ind1=" " ind2=" ">
            <subfield code="a">0257-1455</subfield>
        </datafield>
        <datafield tag="029" ind1=" " ind2=" ">
            <subfield code="a">JN</subfield>
            <subfield code="b">N1161249 E</subfield>
        </datafield>
        <datafield tag="035" ind1=" " ind2=" ">
            <subfield code="a">D0387321</subfield>
        </datafield>
        <datafield tag="035" ind1=" " ind2=" ">
            <subfield code="a">(DHL)968621</subfield>
        </datafield>
        <datafield tag="039" ind1=" " ind2=" ">
            <subfield code="a">DHU</subfield>
        </datafield>
        <datafield tag="040" ind1=" " ind2=" ">
            <subfield code="a">NNUN</subfield>
            <subfield code="b">eng</subfield>
        </datafield>
        <datafield tag="041" ind1=" " ind2=" ">
            <subfield code="a">arachiengfrerusspa</subfield>
        </datafield>
        <datafield tag="049" ind1=" " ind2=" ">
            <subfield code="a">usa</subfield>
        </datafield>
        <datafield tag="089" ind1=" " ind2=" ">
            <subfield code="b">B19</subfield>
        </datafield>
        <datafield tag="091" ind1=" " ind2=" ">
            <subfield code="a">GEN</subfield>
        </datafield>
        <datafield tag="099" ind1=" " ind2=" ">
            <subfield code="a">UNH</subfield>
            <subfield code="b">DHU</subfield>
            <subfield code="c">S(01)/R3</subfield>
            <subfield code="q">S01R3</subfield>
        </datafield>
        <datafield tag="191" ind1=" " ind2=" ">
            <subfield code="0">1229108</subfield>
            <subfield code="9">X01</subfield>
            <subfield code="a">S/INF/66</subfield>
            <subfield code="b">S/</subfield>
            <subfield code="c">66</subfield>
            <subfield code="q">SINF66</subfield>
            <subfield code="r">S66</subfield>
        </datafield>
        <datafield tag="245" ind1="1" ind2="0">
            <subfield code="a">Resolutions and decisions of the Security Council, 1 August 2010-31 July 2011</subfield>
        </datafield>
        <datafield tag="260" ind1=" " ind2=" ">
            <subfield code="a">New York :</subfield>
            <subfield code="b">UN,</subfield>
            <subfield code="c">2011</subfield>
        </datafield>
        <datafield tag="269" ind1=" " ind2=" ">
            <subfield code="a">2011</subfield>
        </datafield>
        <datafield tag="300" ind1=" " ind2=" ">
            <subfield code="a">vii, 413 p.</subfield>
        </datafield>
        <datafield tag="495" ind1=" " ind2=" ">
            <subfield code="a">SCOR, [65th-66th year]</subfield>
        </datafield>
        <datafield tag="610" ind1="2" ind2="7">
            <subfield code="0">1224929</subfield>
            <subfield code="2">unbisn</subfield>
            <subfield code="a">UN. Security Council (65th year : 2010)</subfield>
            <subfield code="g">Resolutions and decisions</subfield>
        </datafield>
        <datafield tag="610" ind1="2" ind2="7">
            <subfield code="0">1231248</subfield>
            <subfield code="2">unbisn</subfield>
            <subfield code="a">UN. Security Council (66th year : 2011)</subfield>
            <subfield code="g">Resolutions and decisions</subfield>
        </datafield>
        <datafield tag="710" ind1="2" ind2=" ">
            <subfield code="0">1219998</subfield>
            <subfield code="a">UN. Security Council (65th year : 2010)</subfield>
        </datafield>
        <datafield tag="710" ind1="2" ind2=" ">
            <subfield code="0">1226409</subfield>
            <subfield code="a">UN. Security Council (66th year : 2011)</subfield>
        </datafield>
        <datafield tag="830" ind1=" " ind2=" ">
            <subfield code="0">1275645</subfield>
            <subfield code="a">Resolutions and Decisions of the Security Council</subfield>
        </datafield>
        <datafield tag="830" ind1=" " ind2=" ">
            <subfield code="0">1275646</subfield>
            <subfield code="a">Security Council. Official Records</subfield>
        </datafield>
        <datafield tag="856" ind1="4" ind2=" ">
            <subfield code="s">3971411</subfield>
            <subfield code="u">http://digitallibrary.un.org/record/722547/files/S_INF_66-AR.pdf</subfield>
            <subfield code="y">العربية</subfield>
        </datafield>
        <datafield tag="856" ind1="4" ind2=" ">
            <subfield code="s">1636729</subfield>
            <subfield code="u">http://digitallibrary.un.org/record/722547/files/S_INF_66-ZH.pdf</subfield>
            <subfield code="y">中文</subfield>
        </datafield>
        <datafield tag="856" ind1="4" ind2=" ">
            <subfield code="s">2705629</subfield>
            <subfield code="u">http://digitallibrary.un.org/record/722547/files/S_INF_66-EN.pdf</subfield>
            <subfield code="y">English</subfield>
        </datafield>
        <datafield tag="856" ind1="4" ind2=" ">
            <subfield code="s">3138522</subfield>
            <subfield code="u">http://digitallibrary.un.org/record/722547/files/S_INF_66-FR.pdf</subfield>
            <subfield code="y">Français</subfield>
        </datafield>
        <datafield tag="856" ind1="4" ind2=" ">
            <subfield code="s">4267724</subfield>
            <subfield code="u">http://digitallibrary.un.org/record/722547/files/S_INF_66-RU.pdf</subfield>
            <subfield code="y">Русский</subfield>
        </datafield>
        <datafield tag="856" ind1="4" ind2=" ">
            <subfield code="s">2755920</subfield>
            <subfield code="u">http://digitallibrary.un.org/record/722547/files/S_INF_66-ES.pdf</subfield>
            <subfield code="y">Español</subfield>
        </datafield>
        <datafield tag="856" ind1="4" ind2=" ">
            <subfield code="s">2999969</subfield>
            <subfield code="u">http://digitallibrary.un.org/record/722547/files/S_INF_66-DE.pdf</subfield>
            <subfield code="y">Other</subfield>
        </datafield>
        <datafield tag="930" ind1=" " ind2=" ">
            <subfield code="a">UNDMA12</subfield>
        </datafield>
        <datafield tag="930" ind1=" " ind2=" ">
            <subfield code="a">ITPS65</subfield>
        </datafield>
        <datafield tag="949" ind1=" " ind2=" ">
            <subfield code="9">S(01)/R3</subfield>
            <subfield code="b">1841832.4.1</subfield>
            <subfield code="c">c. 1</subfield>
            <subfield code="d">20120313200000</subfield>
            <subfield code="i">1841832</subfield>
            <subfield code="k">unrs</subfield>
            <subfield code="l">DHL</subfield>
            <subfield code="m">14day</subfield>
            <subfield code="z">t</subfield>
        </datafield>
        <datafield tag="949" ind1=" " ind2=" ">
            <subfield code="9">S(01)/R3</subfield>
            <subfield code="b">1841831.3.1</subfield>
            <subfield code="c">c. 1</subfield>
            <subfield code="d">20120313200000</subfield>
            <subfield code="i">1841831</subfield>
            <subfield code="k">unfs</subfield>
            <subfield code="l">DHL</subfield>
            <subfield code="m">14day</subfield>
            <subfield code="z">t</subfield>
        </datafield>
        <datafield tag="949" ind1=" " ind2=" ">
            <subfield code="9">S(01)/R3</subfield>
            <subfield code="b">1841829.1.1</subfield>
            <subfield code="c">c. 1</subfield>
            <subfield code="d">20120313200000</subfield>
            <subfield code="i">1841829</subfield>
            <subfield code="k">unas</subfield>
            <subfield code="l">DHL</subfield>
            <subfield code="m">14day</subfield>
            <subfield code="z">t</subfield>
        </datafield>
        <datafield tag="949" ind1=" " ind2=" ">
            <subfield code="9">S(01)/R3</subfield>
            <subfield code="b">10000000968621</subfield>
            <subfield code="c">c. 1</subfield>
            <subfield code="d">20120313200000</subfield>
            <subfield code="i">1841828</subfield>
            <subfield code="k">unes</subfield>
            <subfield code="l">DHL</subfield>
            <subfield code="m">14day</subfield>
            <subfield code="z">t</subfield>
        </datafield>
        <datafield tag="949" ind1=" " ind2=" ">
            <subfield code="9">S(01)/R3</subfield>
            <subfield code="b">1841833.5.1</subfield>
            <subfield code="c">c. 1</subfield>
            <subfield code="d">20120313200000</subfield>
            <subfield code="i">1841833</subfield>
            <subfield code="k">unss</subfield>
            <subfield code="l">DHL</subfield>
            <subfield code="m">14day</subfield>
            <subfield code="z">t</subfield>
        </datafield>
        <datafield tag="949" ind1=" " ind2=" ">
            <subfield code="9">S(01)/R3</subfield>
            <subfield code="b">1841830.2.1</subfield>
            <subfield code="c">c. 1</subfield>
            <subfield code="d">20120313200000</subfield>
            <subfield code="i">1841830</subfield>
            <subfield code="k">uncs</subfield>
            <subfield code="l">DHL</subfield>
            <subfield code="m">14day</subfield>
            <subfield code="z">t</subfield>
        </datafield>
        <datafield tag="980" ind1=" " ind2=" ">
            <subfield code="a">BIB</subfield>
        </datafield>
        <datafield tag="989" ind1=" " ind2=" ">
            <subfield code="a">Documents and Publications</subfield>
            <subfield code="b">Publications</subfield>
        </datafield>
        <datafield tag="991" ind1="3" ind2=" ">
            <subfield code="0">1220639</subfield>
            <subfield code="a">S/65</subfield>
            <subfield code="b">[300]</subfield>
            <subfield code="d">UN. SECURITY COUNCIL (2010)--RESOLUTIONS AND DECISIONS</subfield>
            <subfield code="m">S/</subfield>
            <subfield code="s">65</subfield>
            <subfield code="z">I</subfield>
        </datafield>
        <datafield tag="991" ind1="3" ind2=" ">
            <subfield code="0">1228904</subfield>
            <subfield code="a">S/66</subfield>
            <subfield code="b">[300]</subfield>
            <subfield code="d">UN. SECURITY COUNCIL (2011)--RESOLUTIONS AND DECISIONS</subfield>
            <subfield code="z">I</subfield>
        </datafield>
        <datafield tag="998" ind1=" " ind2=" ">
            <subfield code="a">20120314065000</subfield>
            <subfield code="b">mlcat</subfield>
            <subfield code="c">20170116043500</subfield>
            <subfield code="d">shkcat</subfield>
        </datafield>
        <datafield tag="999" ind1=" " ind2=" ">
            <subfield code="a">shku20170116</subfield>
            <subfield code="b">20170116</subfield>
            <subfield code="c">u</subfield>
        </datafield>
        <datafield tag="999" ind1=" " ind2=" ">
            <subfield code="a">jmc20120322</subfield>
            <subfield code="b">20120322</subfield>
            <subfield code="c">c</subfield>
        </datafield>
        <datafield tag="999" ind1=" " ind2=" ">
            <subfield code="a">slr20120322</subfield>
            <subfield code="b">20120322</subfield>
            <subfield code="c">r</subfield>
        </datafield>
        <datafield tag="999" ind1=" " ind2=" ">
            <subfield code="a">mleq20120314</subfield>
            <subfield code="b">20120314</subfield>
            <subfield code="c">q</subfield>
        </datafield>
        <datafield tag="999" ind1=" " ind2=" ">
            <subfield code="a">vwt20120323</subfield>
            <subfield code="b">20120323</subfield>
            <subfield code="c">t</subfield>
        </datafield>
    </record>