

    
    <record>
        <controlfield tag="001">721021</controlfield>
        <controlfield tag="000">00000nam\\2200025#a\4500</controlfield>
        <controlfield tag="005">20170412203802.0</controlfield>
        <controlfield tag="008">120217s2011\\\\usa\\\\#r\\\\\|||1|\eng\d</controlfield>
        <datafield tag="029" ind1=" " ind2=" ">
            <subfield code="a">JN</subfield>
            <subfield code="b">N1159963 E</subfield>
        </datafield>
        <datafield tag="035" ind1=" " ind2=" ">
            <subfield code="a">D0386818</subfield>
        </datafield>
        <datafield tag="035" ind1=" " ind2=" ">
            <subfield code="a">(DHL)966931</subfield>
        </datafield>
        <datafield tag="039" ind1=" " ind2=" ">
            <subfield code="a">DHU</subfield>
        </datafield>
        <datafield tag="040" ind1=" " ind2=" ">
            <subfield code="a">NNUN</subfield>
            <subfield code="b">eng</subfield>
        </datafield>
        <datafield tag="041" ind1=" " ind2=" ">
            <subfield code="a">arachiengfrerusspa</subfield>
        </datafield>
        <datafield tag="049" ind1=" " ind2=" ">
            <subfield code="a">usa</subfield>
        </datafield>
        <datafield tag="089" ind1=" " ind2=" ">
            <subfield code="b">B03</subfield>
        </datafield>
        <datafield tag="089" ind1=" " ind2=" ">
            <subfield code="b">B07</subfield>
        </datafield>
        <datafield tag="091" ind1=" " ind2=" ">
            <subfield code="a">GEN</subfield>
        </datafield>
        <datafield tag="099" ind1=" " ind2=" ">
            <subfield code="a">UNH</subfield>
            <subfield code="b">DHU</subfield>
            <subfield code="c">A(01)/R3</subfield>
            <subfield code="q">A01R3</subfield>
        </datafield>
        <datafield tag="191" ind1=" " ind2=" ">
            <subfield code="0">1228994</subfield>
            <subfield code="9">G88</subfield>
            <subfield code="a">A/66/PV.60</subfield>
            <subfield code="b">A/</subfield>
            <subfield code="c">66</subfield>
            <subfield code="q">A66PV60</subfield>
            <subfield code="r">A66</subfield>
        </datafield>
        <datafield tag="245" ind1="1" ind2="0">
            <subfield code="a">General Assembly official records, 66th session :</subfield>
            <subfield code="b">60th plenary meeting, Friday, 18 November 2011, New York</subfield>
        </datafield>
        <datafield tag="260" ind1=" " ind2=" ">
            <subfield code="a">[New York] :</subfield>
            <subfield code="b">UN,</subfield>
            <subfield code="c">[2011]</subfield>
        </datafield>
        <datafield tag="269" ind1=" " ind2=" ">
            <subfield code="a">2011</subfield>
        </datafield>
        <datafield tag="300" ind1=" " ind2=" ">
            <subfield code="a">17 p.</subfield>
        </datafield>
        <datafield tag="495" ind1=" " ind2=" ">
            <subfield code="a">GAOR, 66th sess., Meeting records</subfield>
        </datafield>
        <datafield tag="610" ind1="2" ind2="7">
            <subfield code="0">1171876</subfield>
            <subfield code="2">unbisn</subfield>
            <subfield code="a">UN. Human Rights Council</subfield>
            <subfield code="g">Members</subfield>
        </datafield>
        <datafield tag="610" ind1="2" ind2="7">
            <subfield code="0">1235909</subfield>
            <subfield code="2">unbisn</subfield>
            <subfield code="a">UN Counter-Terrorism Centre</subfield>
        </datafield>
        <datafield tag="630" ind1="0" ind2="7">
            <subfield code="0">1179038</subfield>
            <subfield code="2">unbisn</subfield>
            <subfield code="a">UN Global Counter-Terrorism Strategy</subfield>
        </datafield>
        <datafield tag="650" ind1="1" ind2="7">
            <subfield code="0">1283512</subfield>
            <subfield code="2">unbist</subfield>
            <subfield code="a">COUNTER-TERRORISM</subfield>
        </datafield>
        <datafield tag="650" ind1="1" ind2="7">
            <subfield code="0">1277888</subfield>
            <subfield code="2">unbist</subfield>
            <subfield code="a">TERRORISM</subfield>
        </datafield>
        <datafield tag="650" ind1="1" ind2="7">
            <subfield code="0">1284205</subfield>
            <subfield code="2">unbist</subfield>
            <subfield code="a">DEMOCRATIZATION</subfield>
        </datafield>
        <datafield tag="651" ind1="1" ind2="7">
            <subfield code="0">1282102</subfield>
            <subfield code="2">unbist</subfield>
            <subfield code="a">LIBYA</subfield>
        </datafield>
        <datafield tag="793" ind1=" " ind2=" ">
            <subfield code="a">PL</subfield>
        </datafield>
        <datafield tag="856" ind1="4" ind2=" ">
            <subfield code="s">268916</subfield>
            <subfield code="u">http://digitallibrary.un.org/record/721021/files/A_66_PV.60-AR.pdf</subfield>
            <subfield code="y">العربية</subfield>
        </datafield>
        <datafield tag="856" ind1="4" ind2=" ">
            <subfield code="s">311619</subfield>
            <subfield code="u">http://digitallibrary.un.org/record/721021/files/A_66_PV.60-ZH.pdf</subfield>
            <subfield code="y">中文</subfield>
        </datafield>
        <datafield tag="856" ind1="4" ind2=" ">
            <subfield code="s">147009</subfield>
            <subfield code="u">http://digitallibrary.un.org/record/721021/files/A_66_PV.60-EN.pdf</subfield>
            <subfield code="y">English</subfield>
        </datafield>
        <datafield tag="856" ind1="4" ind2=" ">
            <subfield code="s">174732</subfield>
            <subfield code="u">http://digitallibrary.un.org/record/721021/files/A_66_PV.60-FR.pdf</subfield>
            <subfield code="y">Français</subfield>
        </datafield>
        <datafield tag="856" ind1="4" ind2=" ">
            <subfield code="s">390965</subfield>
            <subfield code="u">http://digitallibrary.un.org/record/721021/files/A_66_PV.60-RU.pdf</subfield>
            <subfield code="y">Русский</subfield>
        </datafield>
        <datafield tag="856" ind1="4" ind2=" ">
            <subfield code="s">218048</subfield>
            <subfield code="u">http://digitallibrary.un.org/record/721021/files/A_66_PV.60-ES.pdf</subfield>
            <subfield code="y">Español</subfield>
        </datafield>
        <datafield tag="930" ind1=" " ind2=" ">
            <subfield code="a">UNDFE12</subfield>
        </datafield>
        <datafield tag="949" ind1=" " ind2=" ">
            <subfield code="9">A(01)/R3</subfield>
            <subfield code="b">1837714.4.1</subfield>
            <subfield code="c">c. 1</subfield>
            <subfield code="d">20120216190000</subfield>
            <subfield code="i">1837714</subfield>
            <subfield code="k">unrs</subfield>
            <subfield code="l">DHL</subfield>
            <subfield code="m">14day</subfield>
            <subfield code="z">t</subfield>
        </datafield>
        <datafield tag="949" ind1=" " ind2=" ">
            <subfield code="9">A(01)/R3</subfield>
            <subfield code="b">1837711.1.1</subfield>
            <subfield code="c">c. 1</subfield>
            <subfield code="d">20120216190000</subfield>
            <subfield code="i">1837711</subfield>
            <subfield code="k">unas</subfield>
            <subfield code="l">DHL</subfield>
            <subfield code="m">14day</subfield>
            <subfield code="z">t</subfield>
        </datafield>
        <datafield tag="949" ind1=" " ind2=" ">
            <subfield code="9">A(01)/R3</subfield>
            <subfield code="b">1837713.3.1</subfield>
            <subfield code="c">c. 1</subfield>
            <subfield code="d">20120216190000</subfield>
            <subfield code="i">1837713</subfield>
            <subfield code="k">unfs</subfield>
            <subfield code="l">DHL</subfield>
            <subfield code="m">14day</subfield>
            <subfield code="z">t</subfield>
        </datafield>
        <datafield tag="949" ind1=" " ind2=" ">
            <subfield code="9">A(01)/R3</subfield>
            <subfield code="b">10000000966931</subfield>
            <subfield code="c">c. 1</subfield>
            <subfield code="d">20120216190000</subfield>
            <subfield code="i">1837710</subfield>
            <subfield code="k">unes</subfield>
            <subfield code="l">DHL</subfield>
            <subfield code="m">14day</subfield>
            <subfield code="z">t</subfield>
        </datafield>
        <datafield tag="949" ind1=" " ind2=" ">
            <subfield code="9">A(01)/R3</subfield>
            <subfield code="b">1837715.5.1</subfield>
            <subfield code="c">c. 1</subfield>
            <subfield code="d">20120216190000</subfield>
            <subfield code="i">1837715</subfield>
            <subfield code="k">unss</subfield>
            <subfield code="l">DHL</subfield>
            <subfield code="m">14day</subfield>
            <subfield code="z">t</subfield>
        </datafield>
        <datafield tag="949" ind1=" " ind2=" ">
            <subfield code="9">A(01)/R3</subfield>
            <subfield code="b">1837712.2.1</subfield>
            <subfield code="c">c. 1</subfield>
            <subfield code="d">20120216190000</subfield>
            <subfield code="i">1837712</subfield>
            <subfield code="k">uncs</subfield>
            <subfield code="l">DHL</subfield>
            <subfield code="m">14day</subfield>
            <subfield code="z">t</subfield>
        </datafield>
        <datafield tag="980" ind1=" " ind2=" ">
            <subfield code="a">BIB</subfield>
        </datafield>
        <datafield tag="989" ind1=" " ind2=" ">
            <subfield code="a">Documents and Publications</subfield>
            <subfield code="b">Meeting Records</subfield>
            <subfield code="c">Verbatim Records</subfield>
        </datafield>
        <datafield tag="991" ind1="1" ind2=" ">
            <subfield code="0">1230478</subfield>
            <subfield code="a">A/66/251</subfield>
            <subfield code="b">32</subfield>
            <subfield code="c">Support by the United Nations System of the efforts of Governments to promote and consolidate new or restored democracies.</subfield>
            <subfield code="d">DEMOCRATIZATION--UN SUPPORT</subfield>
            <subfield code="z">I</subfield>
        </datafield>
        <datafield tag="991" ind1="1" ind2=" ">
            <subfield code="0">1230828</subfield>
            <subfield code="a">A/66/251</subfield>
            <subfield code="b">118</subfield>
            <subfield code="c">The United Nations Global Counter-Terrorism Strategy.</subfield>
            <subfield code="d">COUNTER-TERRORISM</subfield>
            <subfield code="e">At the 60th meeting, draft resolution A/66/L.5/Rev.1, as orally revised, was adopted without vote: resolution 66/10</subfield>
            <subfield code="z">I</subfield>
        </datafield>
        <datafield tag="991" ind1="1" ind2=" ">
            <subfield code="0">1230836</subfield>
            <subfield code="a">A/66/251</subfield>
            <subfield code="b">120</subfield>
            <subfield code="c">Implementation of the resolutions of the United Nations.</subfield>
            <subfield code="d">UN RESOLUTIONS--IMPLEMENTATION</subfield>
            <subfield code="e">At the 60th meeting, draft resolution A/66/L.9 was adopted (123-4-6): resolution 66/11</subfield>
            <subfield code="z">I</subfield>
        </datafield>
        <datafield tag="992" ind1=" " ind2=" ">
            <subfield code="a">20111118</subfield>
        </datafield>
        <datafield tag="998" ind1=" " ind2=" ">
            <subfield code="a">20120217040600</subfield>
            <subfield code="b">mlcat</subfield>
            <subfield code="c">20120504110500</subfield>
            <subfield code="d">vwcat2</subfield>
        </datafield>
        <datafield tag="999" ind1=" " ind2=" ">
            <subfield code="a">kakc20120217</subfield>
            <subfield code="b">20120217</subfield>
            <subfield code="c">c</subfield>
        </datafield>
        <datafield tag="999" ind1=" " ind2=" ">
            <subfield code="a">slr20120228</subfield>
            <subfield code="b">20120228</subfield>
            <subfield code="c">r</subfield>
        </datafield>
        <datafield tag="999" ind1=" " ind2=" ">
            <subfield code="a">mleq20120217</subfield>
            <subfield code="b">20120217</subfield>
            <subfield code="c">q</subfield>
        </datafield>
        <datafield tag="999" ind1=" " ind2=" ">
            <subfield code="a">vwt20120301</subfield>
            <subfield code="b">20120301</subfield>
            <subfield code="c">t</subfield>
        </datafield>
    </record>