

    
    <record>
        <controlfield tag="001">720950</controlfield>
        <controlfield tag="000">00000nam\\2200025#a\4500</controlfield>
        <controlfield tag="005">20170412220725.0</controlfield>
        <controlfield tag="008">120215s2011\\\\aut\\\\#r\\\\\|||1|\eng\d</controlfield>
        <datafield tag="022" ind1=" " ind2=" ">
            <subfield code="a">0257-0653</subfield>
        </datafield>
        <datafield tag="029" ind1=" " ind2=" ">
            <subfield code="a">JN</subfield>
            <subfield code="b">V1188207 E</subfield>
        </datafield>
        <datafield tag="035" ind1=" " ind2=" ">
            <subfield code="a">D0386788</subfield>
        </datafield>
        <datafield tag="035" ind1=" " ind2=" ">
            <subfield code="a">(DHL)966841</subfield>
        </datafield>
        <datafield tag="039" ind1=" " ind2=" ">
            <subfield code="a">DHU</subfield>
        </datafield>
        <datafield tag="040" ind1=" " ind2=" ">
            <subfield code="a">NNUN</subfield>
            <subfield code="b">eng</subfield>
        </datafield>
        <datafield tag="041" ind1=" " ind2=" ">
            <subfield code="a">arachiengfrerusspa</subfield>
        </datafield>
        <datafield tag="049" ind1=" " ind2=" ">
            <subfield code="a">usa</subfield>
        </datafield>
        <datafield tag="089" ind1=" " ind2=" ">
            <subfield code="b">B04</subfield>
        </datafield>
        <datafield tag="089" ind1=" " ind2=" ">
            <subfield code="b">B02</subfield>
        </datafield>
        <datafield tag="091" ind1=" " ind2=" ">
            <subfield code="a">GEN</subfield>
        </datafield>
        <datafield tag="099" ind1=" " ind2=" ">
            <subfield code="a">UNH</subfield>
            <subfield code="b">DHU</subfield>
            <subfield code="c">E(01)/R3</subfield>
            <subfield code="q">E01R3</subfield>
        </datafield>
        <datafield tag="191" ind1=" " ind2=" ">
            <subfield code="0">1228995</subfield>
            <subfield code="9">C00</subfield>
            <subfield code="a">E/2011/30/Add.1</subfield>
            <subfield code="b">E/</subfield>
            <subfield code="c">2011-S</subfield>
            <subfield code="q">E201130ADD1</subfield>
            <subfield code="r">E2011S</subfield>
        </datafield>
        <datafield tag="191" ind1=" " ind2=" ">
            <subfield code="0">1233296</subfield>
            <subfield code="a">E/CN.15/2011/21/Add.1</subfield>
            <subfield code="b">E/CN.15/</subfield>
            <subfield code="c">20</subfield>
            <subfield code="q">ECN15201121ADD1</subfield>
            <subfield code="r">ECN1520</subfield>
        </datafield>
        <datafield tag="245" ind1="1" ind2="0">
            <subfield code="a">Commission on Crime Prevention and Criminal Justice :</subfield>
            <subfield code="b">report on the reconvened 20th session (12-13 December 2011)</subfield>
        </datafield>
        <datafield tag="260" ind1=" " ind2=" ">
            <subfield code="a">New York :</subfield>
            <subfield code="b">UN,</subfield>
            <subfield code="c">2011</subfield>
        </datafield>
        <datafield tag="269" ind1=" " ind2=" ">
            <subfield code="a">2011</subfield>
        </datafield>
        <datafield tag="300" ind1=" " ind2=" ">
            <subfield code="a">iii, 20 p. :</subfield>
            <subfield code="b">table</subfield>
        </datafield>
        <datafield tag="495" ind1=" " ind2=" ">
            <subfield code="a">ESCOR, 2011, Suppl. no. 10A</subfield>
        </datafield>
        <datafield tag="610" ind1="2" ind2="7">
            <subfield code="0">1223260</subfield>
            <subfield code="2">unbisn</subfield>
            <subfield code="a">UN Commission on Crime Prevention and Criminal Justice (20th sess. : 2011 : Vienna)</subfield>
        </datafield>
        <datafield tag="610" ind1="2" ind2="7">
            <subfield code="0">1233304</subfield>
            <subfield code="2">unbisn</subfield>
            <subfield code="a">UN Commission on Crime Prevention and Criminal Justice (20th sess. : 2011 : Vienna)</subfield>
            <subfield code="g">Work organization</subfield>
        </datafield>
        <datafield tag="610" ind1="2" ind2="7">
            <subfield code="0">1238077</subfield>
            <subfield code="2">unbisn</subfield>
            <subfield code="a">UN Office on Drugs and Crime</subfield>
            <subfield code="g">Work programme (2012-2013)</subfield>
        </datafield>
        <datafield tag="610" ind1="2" ind2="7">
            <subfield code="0">1238078</subfield>
            <subfield code="2">unbisn</subfield>
            <subfield code="a">UN Crime Prevention and Criminal Justice Trust Fund</subfield>
            <subfield code="g">Budget (2012-2013)</subfield>
        </datafield>
        <datafield tag="610" ind1="2" ind2="7">
            <subfield code="0">1140713</subfield>
            <subfield code="2">unbisn</subfield>
            <subfield code="a">UN Office on Drugs and Crime</subfield>
            <subfield code="g">Financing</subfield>
        </datafield>
        <datafield tag="610" ind1="2" ind2="7">
            <subfield code="0">1212502</subfield>
            <subfield code="2">unbisn</subfield>
            <subfield code="a">UN. Open-ended Intergovernmental Working Group on Improving the Governance and Financial Situation of the United Nations Office on Drugs and Crime</subfield>
        </datafield>
        <datafield tag="610" ind1="2" ind2="7">
            <subfield code="0">1109807</subfield>
            <subfield code="2">unbisn</subfield>
            <subfield code="a">UN Crime Prevention and Criminal Justice Programme Network</subfield>
        </datafield>
        <datafield tag="611" ind1="2" ind2="7">
            <subfield code="0">1233313</subfield>
            <subfield code="2">unbisn</subfield>
            <subfield code="a">UN Congress on Crime Prevention and Criminal Justice (13th : 2015 : Doha)</subfield>
        </datafield>
        <datafield tag="650" ind1="1" ind2="7">
            <subfield code="0">1281113</subfield>
            <subfield code="2">unbist</subfield>
            <subfield code="a">CRIME PREVENTION</subfield>
        </datafield>
        <datafield tag="650" ind1="1" ind2="7">
            <subfield code="0">1281116</subfield>
            <subfield code="2">unbist</subfield>
            <subfield code="a">CRIMINAL JUSTICE</subfield>
        </datafield>
        <datafield tag="650" ind1="1" ind2="7">
            <subfield code="0">1284277</subfield>
            <subfield code="2">unbist</subfield>
            <subfield code="a">GOVERNANCE</subfield>
        </datafield>
        <datafield tag="650" ind1="1" ind2="7">
            <subfield code="0">1284245</subfield>
            <subfield code="2">unbist</subfield>
            <subfield code="a">FINANCIAL MANAGEMENT</subfield>
        </datafield>
        <datafield tag="710" ind1="2" ind2=" ">
            <subfield code="0">1223260</subfield>
            <subfield code="a">UN Commission on Crime Prevention and Criminal Justice (20th sess. : 2011 : Vienna)</subfield>
        </datafield>
        <datafield tag="830" ind1=" " ind2=" ">
            <subfield code="0">1275486</subfield>
            <subfield code="a">Report of the Commission on Crime Prevention and Criminal Justice</subfield>
        </datafield>
        <datafield tag="830" ind1=" " ind2=" ">
            <subfield code="0">1275403</subfield>
            <subfield code="a">Economic and Social Council. Official Records. Supplement</subfield>
        </datafield>
        <datafield tag="856" ind1="4" ind2=" ">
            <subfield code="s">297091</subfield>
            <subfield code="u">http://digitallibrary.un.org/record/720950/files/E_2011_30_Add.1_E_CN.15_2011_21_Add.1-AR.pdf</subfield>
            <subfield code="y">العربية</subfield>
        </datafield>
        <datafield tag="856" ind1="4" ind2=" ">
            <subfield code="s">413843</subfield>
            <subfield code="u">http://digitallibrary.un.org/record/720950/files/E_2011_30_Add.1_E_CN.15_2011_21_Add.1-ZH.pdf</subfield>
            <subfield code="y">中文</subfield>
        </datafield>
        <datafield tag="856" ind1="4" ind2=" ">
            <subfield code="s">195731</subfield>
            <subfield code="u">http://digitallibrary.un.org/record/720950/files/E_2011_30_Add.1_E_CN.15_2011_21_Add.1-EN.pdf</subfield>
            <subfield code="y">English</subfield>
        </datafield>
        <datafield tag="856" ind1="4" ind2=" ">
            <subfield code="s">208659</subfield>
            <subfield code="u">http://digitallibrary.un.org/record/720950/files/E_2011_30_Add.1_E_CN.15_2011_21_Add.1-FR.pdf</subfield>
            <subfield code="y">Français</subfield>
        </datafield>
        <datafield tag="856" ind1="4" ind2=" ">
            <subfield code="s">336173</subfield>
            <subfield code="u">http://digitallibrary.un.org/record/720950/files/E_2011_30_Add.1_E_CN.15_2011_21_Add.1-RU.pdf</subfield>
            <subfield code="y">Русский</subfield>
        </datafield>
        <datafield tag="856" ind1="4" ind2=" ">
            <subfield code="s">188851</subfield>
            <subfield code="u">http://digitallibrary.un.org/record/720950/files/E_2011_30_Add.1_E_CN.15_2011_21_Add.1-ES.pdf</subfield>
            <subfield code="y">Español</subfield>
        </datafield>
        <datafield tag="930" ind1=" " ind2=" ">
            <subfield code="a">UNDFE12</subfield>
        </datafield>
        <datafield tag="930" ind1=" " ind2=" ">
            <subfield code="a">ITPE12S</subfield>
        </datafield>
        <datafield tag="949" ind1=" " ind2=" ">
            <subfield code="9">E(01)/R3</subfield>
            <subfield code="b">1837371.3.1</subfield>
            <subfield code="c">c. 1</subfield>
            <subfield code="d">20120214190000</subfield>
            <subfield code="i">1837371</subfield>
            <subfield code="k">unfs</subfield>
            <subfield code="l">DHL</subfield>
            <subfield code="m">14day</subfield>
            <subfield code="z">t</subfield>
        </datafield>
        <datafield tag="949" ind1=" " ind2=" ">
            <subfield code="9">E(01)/R3</subfield>
            <subfield code="b">1837372.4.1</subfield>
            <subfield code="c">c. 1</subfield>
            <subfield code="d">20120214190000</subfield>
            <subfield code="i">1837372</subfield>
            <subfield code="k">unrs</subfield>
            <subfield code="l">DHL</subfield>
            <subfield code="m">14day</subfield>
            <subfield code="z">t</subfield>
        </datafield>
        <datafield tag="949" ind1=" " ind2=" ">
            <subfield code="9">E/CN.15/2011/21/Add.1</subfield>
            <subfield code="b">1837378.5.1</subfield>
            <subfield code="c">c. 1</subfield>
            <subfield code="d">20120214190000</subfield>
            <subfield code="i">1837378</subfield>
            <subfield code="k">unrs</subfield>
            <subfield code="l">DHL</subfield>
            <subfield code="m">14day</subfield>
            <subfield code="z">t</subfield>
        </datafield>
        <datafield tag="949" ind1=" " ind2=" ">
            <subfield code="9">E/CN.15/2011/21/Add.1</subfield>
            <subfield code="b">1837377.4.1</subfield>
            <subfield code="c">c. 1</subfield>
            <subfield code="d">20120214190000</subfield>
            <subfield code="i">1837377</subfield>
            <subfield code="k">unfs</subfield>
            <subfield code="l">DHL</subfield>
            <subfield code="m">14day</subfield>
            <subfield code="z">t</subfield>
        </datafield>
        <datafield tag="949" ind1=" " ind2=" ">
            <subfield code="9">E(01)/R3</subfield>
            <subfield code="b">10000000966841</subfield>
            <subfield code="c">c. 1</subfield>
            <subfield code="d">20120214190000</subfield>
            <subfield code="i">1837368</subfield>
            <subfield code="k">unes</subfield>
            <subfield code="l">DHL</subfield>
            <subfield code="m">14day</subfield>
            <subfield code="z">t</subfield>
        </datafield>
        <datafield tag="949" ind1=" " ind2=" ">
            <subfield code="9">E/CN.15/2011/21/Add.1</subfield>
            <subfield code="b">1837375.2.1</subfield>
            <subfield code="c">c. 1</subfield>
            <subfield code="d">20120214190000</subfield>
            <subfield code="i">1837375</subfield>
            <subfield code="k">unas</subfield>
            <subfield code="l">DHL</subfield>
            <subfield code="m">14day</subfield>
            <subfield code="z">t</subfield>
        </datafield>
        <datafield tag="949" ind1=" " ind2=" ">
            <subfield code="9">E/CN.15/2011/21/Add.1</subfield>
            <subfield code="b">1837379.6.1</subfield>
            <subfield code="c">c. 1</subfield>
            <subfield code="d">20120214190000</subfield>
            <subfield code="i">1837379</subfield>
            <subfield code="k">unss</subfield>
            <subfield code="l">DHL</subfield>
            <subfield code="m">14day</subfield>
            <subfield code="z">t</subfield>
        </datafield>
        <datafield tag="949" ind1=" " ind2=" ">
            <subfield code="9">E(01)/R3</subfield>
            <subfield code="b">1837370.2.1</subfield>
            <subfield code="c">c. 1</subfield>
            <subfield code="d">20120214190000</subfield>
            <subfield code="i">1837370</subfield>
            <subfield code="k">uncs</subfield>
            <subfield code="l">DHL</subfield>
            <subfield code="m">14day</subfield>
            <subfield code="z">t</subfield>
        </datafield>
        <datafield tag="949" ind1=" " ind2=" ">
            <subfield code="9">E(01)/R3</subfield>
            <subfield code="b">1837373.5.1</subfield>
            <subfield code="c">c. 1</subfield>
            <subfield code="d">20120214190000</subfield>
            <subfield code="i">1837373</subfield>
            <subfield code="k">unss</subfield>
            <subfield code="l">DHL</subfield>
            <subfield code="m">14day</subfield>
            <subfield code="z">t</subfield>
        </datafield>
        <datafield tag="949" ind1=" " ind2=" ">
            <subfield code="9">E(01)/R3</subfield>
            <subfield code="b">1837369.1.1</subfield>
            <subfield code="c">c. 1</subfield>
            <subfield code="d">20120214190000</subfield>
            <subfield code="i">1837369</subfield>
            <subfield code="k">unas</subfield>
            <subfield code="l">DHL</subfield>
            <subfield code="m">14day</subfield>
            <subfield code="z">t</subfield>
        </datafield>
        <datafield tag="949" ind1=" " ind2=" ">
            <subfield code="9">E/CN.15/2011/21/Add.1</subfield>
            <subfield code="b">1837376.3.1</subfield>
            <subfield code="c">c. 1</subfield>
            <subfield code="d">20120214190000</subfield>
            <subfield code="i">1837376</subfield>
            <subfield code="k">uncs</subfield>
            <subfield code="l">DHL</subfield>
            <subfield code="m">14day</subfield>
            <subfield code="z">t</subfield>
        </datafield>
        <datafield tag="949" ind1=" " ind2=" ">
            <subfield code="9">E/CN.15/2011/21/Add.1</subfield>
            <subfield code="b">1837374.1.1</subfield>
            <subfield code="c">c. 1</subfield>
            <subfield code="d">20120214190000</subfield>
            <subfield code="i">1837374</subfield>
            <subfield code="k">unes</subfield>
            <subfield code="l">DHL</subfield>
            <subfield code="m">14day</subfield>
            <subfield code="z">t</subfield>
        </datafield>
        <datafield tag="980" ind1=" " ind2=" ">
            <subfield code="a">BIB</subfield>
        </datafield>
        <datafield tag="989" ind1=" " ind2=" ">
            <subfield code="a">Documents and Publications</subfield>
            <subfield code="b">Reports</subfield>
            <subfield code="c">Annual and Sessional Reports</subfield>
        </datafield>
        <datafield tag="989" ind1=" " ind2=" ">
            <subfield code="a">Documents and Publications</subfield>
            <subfield code="b">Publications</subfield>
        </datafield>
        <datafield tag="989" ind1=" " ind2=" ">
            <subfield code="a">Documents and Publications</subfield>
            <subfield code="b">Draft Resolutions and Decisions</subfield>
        </datafield>
        <datafield tag="991" ind1="2" ind2=" ">
            <subfield code="0">1232183</subfield>
            <subfield code="a">E/2011/100</subfield>
            <subfield code="b">14c</subfield>
            <subfield code="c">Crime prevention and criminal justice.</subfield>
            <subfield code="d">CRIME PREVENTION</subfield>
            <subfield code="z">I</subfield>
        </datafield>
        <datafield tag="991" ind1="2" ind2=" ">
            <subfield code="0">1240852</subfield>
            <subfield code="a">E/2012/100</subfield>
            <subfield code="b">14c</subfield>
            <subfield code="c">Crime prevention and criminal justice.</subfield>
            <subfield code="d">CRIME PREVENTION</subfield>
            <subfield code="m">E/</subfield>
            <subfield code="s">2012-S</subfield>
            <subfield code="z">I</subfield>
        </datafield>
        <datafield tag="998" ind1=" " ind2=" ">
            <subfield code="a">20120215042600</subfield>
            <subfield code="b">bccat</subfield>
            <subfield code="c">20170109110000</subfield>
            <subfield code="d">shkcat</subfield>
        </datafield>
        <datafield tag="999" ind1=" " ind2=" ">
            <subfield code="a">jmc20120215</subfield>
            <subfield code="b">20120215</subfield>
            <subfield code="c">c</subfield>
        </datafield>
        <datafield tag="999" ind1=" " ind2=" ">
            <subfield code="a">slr20120216</subfield>
            <subfield code="b">20120216</subfield>
            <subfield code="c">r</subfield>
        </datafield>
        <datafield tag="999" ind1=" " ind2=" ">
            <subfield code="a">bcq20120215</subfield>
            <subfield code="b">20120215</subfield>
            <subfield code="c">q</subfield>
        </datafield>
        <datafield tag="999" ind1=" " ind2=" ">
            <subfield code="a">vwt20120227</subfield>
            <subfield code="b">20120227</subfield>
            <subfield code="c">t</subfield>
        </datafield>
        <datafield tag="999" ind1=" " ind2=" ">
            <subfield code="a">vwu20130701</subfield>
            <subfield code="b">20130701</subfield>
            <subfield code="c">u</subfield>
        </datafield>
        <datafield tag="999" ind1=" " ind2=" ">
            <subfield code="a">shku20170109</subfield>
            <subfield code="b">20170109</subfield>
            <subfield code="c">u</subfield>
        </datafield>
    </record>