

    
    <record>
        <controlfield tag="001">720802</controlfield>
        <controlfield tag="000">00000nam\\2200025#a\4500</controlfield>
        <controlfield tag="005">20170412220724.0</controlfield>
        <controlfield tag="008">120210s2011\\\\aut\\\\#r\\\\\|||1|\eng\d</controlfield>
        <datafield tag="022" ind1=" " ind2=" ">
            <subfield code="a">0251-9941</subfield>
        </datafield>
        <datafield tag="029" ind1=" " ind2=" ">
            <subfield code="a">JN</subfield>
            <subfield code="b">V118844 E</subfield>
        </datafield>
        <datafield tag="035" ind1=" " ind2=" ">
            <subfield code="a">D0386727</subfield>
        </datafield>
        <datafield tag="035" ind1=" " ind2=" ">
            <subfield code="a">(DHL)966673</subfield>
        </datafield>
        <datafield tag="039" ind1=" " ind2=" ">
            <subfield code="a">DHU</subfield>
        </datafield>
        <datafield tag="040" ind1=" " ind2=" ">
            <subfield code="a">NNUN</subfield>
            <subfield code="b">eng</subfield>
        </datafield>
        <datafield tag="041" ind1=" " ind2=" ">
            <subfield code="a">arachiengfrerusspa</subfield>
        </datafield>
        <datafield tag="049" ind1=" " ind2=" ">
            <subfield code="a">aut</subfield>
        </datafield>
        <datafield tag="089" ind1=" " ind2=" ">
            <subfield code="b">B04</subfield>
        </datafield>
        <datafield tag="089" ind1=" " ind2=" ">
            <subfield code="b">B02</subfield>
        </datafield>
        <datafield tag="091" ind1=" " ind2=" ">
            <subfield code="a">GEN</subfield>
        </datafield>
        <datafield tag="099" ind1=" " ind2=" ">
            <subfield code="a">UNH</subfield>
            <subfield code="b">DHU</subfield>
            <subfield code="c">E(01)/R3</subfield>
            <subfield code="q">E01R3</subfield>
        </datafield>
        <datafield tag="191" ind1=" " ind2=" ">
            <subfield code="0">1228995</subfield>
            <subfield code="9">C00</subfield>
            <subfield code="a">E/2011/28/Add.1</subfield>
            <subfield code="b">E/</subfield>
            <subfield code="c">2011-S</subfield>
            <subfield code="q">E201128ADD1</subfield>
            <subfield code="r">E2011S</subfield>
        </datafield>
        <datafield tag="191" ind1=" " ind2=" ">
            <subfield code="0">1233176</subfield>
            <subfield code="a">E/CN.7/2011/15/Add.1</subfield>
            <subfield code="b">E/CN.7/</subfield>
            <subfield code="c">54</subfield>
            <subfield code="q">ECN7201115ADD1</subfield>
            <subfield code="r">ECN754</subfield>
        </datafield>
        <datafield tag="245" ind1="1" ind2="0">
            <subfield code="a">Commission on Narcotic Drugs :</subfield>
            <subfield code="b">report on the reconvened 54th session (12-13 December 2011)</subfield>
        </datafield>
        <datafield tag="260" ind1=" " ind2=" ">
            <subfield code="a">New York :</subfield>
            <subfield code="b">UN,</subfield>
            <subfield code="c">2011</subfield>
        </datafield>
        <datafield tag="269" ind1=" " ind2=" ">
            <subfield code="a">2011</subfield>
        </datafield>
        <datafield tag="300" ind1=" " ind2=" ">
            <subfield code="a">iii, 20 p. :</subfield>
            <subfield code="b">table</subfield>
        </datafield>
        <datafield tag="495" ind1=" " ind2=" ">
            <subfield code="a">ESCOR, 2011, Suppl. no. 8A</subfield>
        </datafield>
        <datafield tag="610" ind1="2" ind2="7">
            <subfield code="0">1233184</subfield>
            <subfield code="2">unbisn</subfield>
            <subfield code="a">UN. Commission on Narcotic Drugs (54th sess. : 2011 : Vienna)</subfield>
            <subfield code="g">Work organization</subfield>
        </datafield>
        <datafield tag="610" ind1="2" ind2="7">
            <subfield code="0">1238002</subfield>
            <subfield code="2">unbisn</subfield>
            <subfield code="a">UN Office on Drugs and Crime</subfield>
            <subfield code="g">Work programme (2012-2015)</subfield>
        </datafield>
        <datafield tag="610" ind1="2" ind2="7">
            <subfield code="0">1238003</subfield>
            <subfield code="2">unbisn</subfield>
            <subfield code="a">UN International Drug Control Programme. Fund</subfield>
            <subfield code="g">Budget (2012-2013)</subfield>
        </datafield>
        <datafield tag="610" ind1="2" ind2="7">
            <subfield code="0">984625</subfield>
            <subfield code="2">unbisn</subfield>
            <subfield code="a">UN INTERNATIONAL DRUG CONTROL PROGRAMME</subfield>
            <subfield code="g">FINANCING.</subfield>
        </datafield>
        <datafield tag="610" ind1="2" ind2="7">
            <subfield code="0">1212502</subfield>
            <subfield code="2">unbisn</subfield>
            <subfield code="a">UN. Open-ended Intergovernmental Working Group on Improving the Governance and Financial Situation of the United Nations Office on Drugs and Crime</subfield>
        </datafield>
        <datafield tag="650" ind1="1" ind2="7">
            <subfield code="0">1280469</subfield>
            <subfield code="2">unbist</subfield>
            <subfield code="a">DRUG POLICY</subfield>
        </datafield>
        <datafield tag="650" ind1="1" ind2="7">
            <subfield code="0">1281093</subfield>
            <subfield code="2">unbist</subfield>
            <subfield code="a">NARCOTIC DRUGS</subfield>
        </datafield>
        <datafield tag="650" ind1="1" ind2="7">
            <subfield code="0">1282414</subfield>
            <subfield code="2">unbist</subfield>
            <subfield code="a">ORGANIZED CRIME</subfield>
        </datafield>
        <datafield tag="650" ind1="1" ind2="7">
            <subfield code="0">1282960</subfield>
            <subfield code="2">unbist</subfield>
            <subfield code="a">DRUG TRAFFIC</subfield>
        </datafield>
        <datafield tag="650" ind1="1" ind2="7">
            <subfield code="0">1278558</subfield>
            <subfield code="2">unbist</subfield>
            <subfield code="a">CORRUPTION</subfield>
        </datafield>
        <datafield tag="650" ind1="2" ind2="7">
            <subfield code="0">1283512</subfield>
            <subfield code="2">unbist</subfield>
            <subfield code="a">COUNTER-TERRORISM</subfield>
        </datafield>
        <datafield tag="650" ind1="2" ind2="7">
            <subfield code="0">1281116</subfield>
            <subfield code="2">unbist</subfield>
            <subfield code="a">CRIMINAL JUSTICE</subfield>
        </datafield>
        <datafield tag="650" ind1="2" ind2="7">
            <subfield code="0">1282951</subfield>
            <subfield code="2">unbist</subfield>
            <subfield code="a">DRUG CONTROL</subfield>
        </datafield>
        <datafield tag="650" ind1="2" ind2="7">
            <subfield code="0">1283728</subfield>
            <subfield code="2">unbist</subfield>
            <subfield code="a">DRUG TREATMENT</subfield>
        </datafield>
        <datafield tag="650" ind1="2" ind2="7">
            <subfield code="0">1282565</subfield>
            <subfield code="2">unbist</subfield>
            <subfield code="a">PROGRAMME EVALUATION</subfield>
        </datafield>
        <datafield tag="650" ind1="2" ind2="7">
            <subfield code="0">1284437</subfield>
            <subfield code="2">unbist</subfield>
            <subfield code="a">INTERNAL OVERSIGHT</subfield>
        </datafield>
        <datafield tag="710" ind1="2" ind2=" ">
            <subfield code="0">1233182</subfield>
            <subfield code="a">UN. Commission on Narcotic Drugs (54th sess. : 2011 : Vienna)</subfield>
        </datafield>
        <datafield tag="830" ind1=" " ind2=" ">
            <subfield code="0">1275554</subfield>
            <subfield code="a">Report of the Commission on Narcotic Drugs</subfield>
        </datafield>
        <datafield tag="830" ind1=" " ind2=" ">
            <subfield code="0">1275403</subfield>
            <subfield code="a">Economic and Social Council. Official Records. Supplement</subfield>
        </datafield>
        <datafield tag="856" ind1="4" ind2=" ">
            <subfield code="s">294453</subfield>
            <subfield code="u">http://digitallibrary.un.org/record/720802/files/E_2011_28_Add.1_E_CN.7_2011_15_Add.1-AR.pdf</subfield>
            <subfield code="y">العربية</subfield>
        </datafield>
        <datafield tag="856" ind1="4" ind2=" ">
            <subfield code="s">398730</subfield>
            <subfield code="u">http://digitallibrary.un.org/record/720802/files/E_2011_28_Add.1_E_CN.7_2011_15_Add.1-ZH.pdf</subfield>
            <subfield code="y">中文</subfield>
        </datafield>
        <datafield tag="856" ind1="4" ind2=" ">
            <subfield code="s">196205</subfield>
            <subfield code="u">http://digitallibrary.un.org/record/720802/files/E_2011_28_Add.1_E_CN.7_2011_15_Add.1-EN.pdf</subfield>
            <subfield code="y">English</subfield>
        </datafield>
        <datafield tag="856" ind1="4" ind2=" ">
            <subfield code="s">210865</subfield>
            <subfield code="u">http://digitallibrary.un.org/record/720802/files/E_2011_28_Add.1_E_CN.7_2011_15_Add.1-FR.pdf</subfield>
            <subfield code="y">Français</subfield>
        </datafield>
        <datafield tag="856" ind1="4" ind2=" ">
            <subfield code="s">564015</subfield>
            <subfield code="u">http://digitallibrary.un.org/record/720802/files/E_2011_28_Add.1_E_CN.7_2011_15_Add.1-RU.pdf</subfield>
            <subfield code="y">Русский</subfield>
        </datafield>
        <datafield tag="856" ind1="4" ind2=" ">
            <subfield code="s">263883</subfield>
            <subfield code="u">http://digitallibrary.un.org/record/720802/files/E_2011_28_Add.1_E_CN.7_2011_15_Add.1-ES.pdf</subfield>
            <subfield code="y">Español</subfield>
        </datafield>
        <datafield tag="930" ind1=" " ind2=" ">
            <subfield code="a">UNDFE12</subfield>
        </datafield>
        <datafield tag="930" ind1=" " ind2=" ">
            <subfield code="a">ITPE12S</subfield>
        </datafield>
        <datafield tag="949" ind1=" " ind2=" ">
            <subfield code="9">E/CN.7/2011/15/Add.1</subfield>
            <subfield code="b">1836774.10.1</subfield>
            <subfield code="c">c. 1</subfield>
            <subfield code="d">20120209190000</subfield>
            <subfield code="i">1836774</subfield>
            <subfield code="k">unrs</subfield>
            <subfield code="l">DHL</subfield>
            <subfield code="m">14day</subfield>
            <subfield code="z">t</subfield>
        </datafield>
        <datafield tag="949" ind1=" " ind2=" ">
            <subfield code="9">E(01)/R3</subfield>
            <subfield code="b">1836767.3.1</subfield>
            <subfield code="c">c. 1</subfield>
            <subfield code="d">20120209190000</subfield>
            <subfield code="i">1836767</subfield>
            <subfield code="k">unfs</subfield>
            <subfield code="l">DHL</subfield>
            <subfield code="m">14day</subfield>
            <subfield code="z">t</subfield>
        </datafield>
        <datafield tag="949" ind1=" " ind2=" ">
            <subfield code="9">E(01)/R3</subfield>
            <subfield code="b">1836768.4.1</subfield>
            <subfield code="c">c. 1</subfield>
            <subfield code="d">20120209190000</subfield>
            <subfield code="i">1836768</subfield>
            <subfield code="k">unrs</subfield>
            <subfield code="l">DHL</subfield>
            <subfield code="m">14day</subfield>
            <subfield code="z">t</subfield>
        </datafield>
        <datafield tag="949" ind1=" " ind2=" ">
            <subfield code="9">E(01)/R3</subfield>
            <subfield code="b">10000000966673</subfield>
            <subfield code="c">c. 1</subfield>
            <subfield code="d">20120209190000</subfield>
            <subfield code="i">1836764</subfield>
            <subfield code="k">unes</subfield>
            <subfield code="l">DHL</subfield>
            <subfield code="m">14day</subfield>
            <subfield code="z">t</subfield>
        </datafield>
        <datafield tag="949" ind1=" " ind2=" ">
            <subfield code="9">E/CN.7/2011/15/Add.1</subfield>
            <subfield code="b">1836773.9.1</subfield>
            <subfield code="c">c. 1</subfield>
            <subfield code="d">20120209190000</subfield>
            <subfield code="i">1836773</subfield>
            <subfield code="k">unfs</subfield>
            <subfield code="l">DHL</subfield>
            <subfield code="m">14day</subfield>
            <subfield code="z">t</subfield>
        </datafield>
        <datafield tag="949" ind1=" " ind2=" ">
            <subfield code="9">E/CN.7/2011/15/Add.1</subfield>
            <subfield code="b">1836775.11.1</subfield>
            <subfield code="c">c. 1</subfield>
            <subfield code="d">20120209190000</subfield>
            <subfield code="i">1836775</subfield>
            <subfield code="k">unss</subfield>
            <subfield code="l">DHL</subfield>
            <subfield code="m">14day</subfield>
            <subfield code="z">t</subfield>
        </datafield>
        <datafield tag="949" ind1=" " ind2=" ">
            <subfield code="9">E/CN.7/2011/15/Add.1</subfield>
            <subfield code="b">1836771.7.1</subfield>
            <subfield code="c">c. 1</subfield>
            <subfield code="d">20120209190000</subfield>
            <subfield code="i">1836771</subfield>
            <subfield code="k">unas</subfield>
            <subfield code="l">DHL</subfield>
            <subfield code="m">14day</subfield>
            <subfield code="z">t</subfield>
        </datafield>
        <datafield tag="949" ind1=" " ind2=" ">
            <subfield code="9">E(01)/R3</subfield>
            <subfield code="b">1836770.6.1</subfield>
            <subfield code="c">c. 1</subfield>
            <subfield code="d">20120209190000</subfield>
            <subfield code="i">1836770</subfield>
            <subfield code="k">unes</subfield>
            <subfield code="l">DHL</subfield>
            <subfield code="m">14day</subfield>
            <subfield code="z">t</subfield>
        </datafield>
        <datafield tag="949" ind1=" " ind2=" ">
            <subfield code="9">E(01)/R3</subfield>
            <subfield code="b">1836769.5.1</subfield>
            <subfield code="c">c. 1</subfield>
            <subfield code="d">20120209190000</subfield>
            <subfield code="i">1836769</subfield>
            <subfield code="k">unss</subfield>
            <subfield code="l">DHL</subfield>
            <subfield code="m">14day</subfield>
            <subfield code="z">t</subfield>
        </datafield>
        <datafield tag="949" ind1=" " ind2=" ">
            <subfield code="9">E(01)/R3</subfield>
            <subfield code="b">1836765.1.1</subfield>
            <subfield code="c">c. 1</subfield>
            <subfield code="d">20120209190000</subfield>
            <subfield code="i">1836765</subfield>
            <subfield code="k">unas</subfield>
            <subfield code="l">DHL</subfield>
            <subfield code="m">14day</subfield>
            <subfield code="z">t</subfield>
        </datafield>
        <datafield tag="949" ind1=" " ind2=" ">
            <subfield code="9">E/CN.7/2011/15/Add.1</subfield>
            <subfield code="b">1836772.8.1</subfield>
            <subfield code="c">c. 1</subfield>
            <subfield code="d">20120209190000</subfield>
            <subfield code="i">1836772</subfield>
            <subfield code="k">uncs</subfield>
            <subfield code="l">DHL</subfield>
            <subfield code="m">14day</subfield>
            <subfield code="z">t</subfield>
        </datafield>
        <datafield tag="949" ind1=" " ind2=" ">
            <subfield code="9">E(01)/R3</subfield>
            <subfield code="b">1836766.2.1</subfield>
            <subfield code="c">c. 1</subfield>
            <subfield code="d">20120209190000</subfield>
            <subfield code="i">1836766</subfield>
            <subfield code="k">uncs</subfield>
            <subfield code="l">DHL</subfield>
            <subfield code="m">14day</subfield>
            <subfield code="z">t</subfield>
        </datafield>
        <datafield tag="980" ind1=" " ind2=" ">
            <subfield code="a">BIB</subfield>
        </datafield>
        <datafield tag="989" ind1=" " ind2=" ">
            <subfield code="a">Documents and Publications</subfield>
            <subfield code="b">Reports</subfield>
            <subfield code="c">Annual and Sessional Reports</subfield>
        </datafield>
        <datafield tag="989" ind1=" " ind2=" ">
            <subfield code="a">Documents and Publications</subfield>
            <subfield code="b">Publications</subfield>
        </datafield>
        <datafield tag="989" ind1=" " ind2=" ">
            <subfield code="a">Documents and Publications</subfield>
            <subfield code="b">Draft Resolutions and Decisions</subfield>
        </datafield>
        <datafield tag="991" ind1="2" ind2=" ">
            <subfield code="0">1232184</subfield>
            <subfield code="a">E/2011/100</subfield>
            <subfield code="b">14d</subfield>
            <subfield code="c">Narcotic drugs.</subfield>
            <subfield code="d">NARCOTIC DRUGS</subfield>
            <subfield code="z">I</subfield>
        </datafield>
        <datafield tag="991" ind1="2" ind2=" ">
            <subfield code="0">1240853</subfield>
            <subfield code="a">E/2012/100</subfield>
            <subfield code="b">14d</subfield>
            <subfield code="c">Narcotic drugs.</subfield>
            <subfield code="d">NARCOTIC DRUGS</subfield>
            <subfield code="m">E/</subfield>
            <subfield code="s">2012-S</subfield>
            <subfield code="z">I</subfield>
        </datafield>
        <datafield tag="998" ind1=" " ind2=" ">
            <subfield code="a">20120210041200</subfield>
            <subfield code="b">bccat</subfield>
            <subfield code="c">20170111121100</subfield>
            <subfield code="d">shkcat</subfield>
        </datafield>
        <datafield tag="999" ind1=" " ind2=" ">
            <subfield code="a">shku20170111</subfield>
            <subfield code="b">20170111</subfield>
            <subfield code="c">u</subfield>
        </datafield>
        <datafield tag="999" ind1=" " ind2=" ">
            <subfield code="a">jmc20120210</subfield>
            <subfield code="b">20120210</subfield>
            <subfield code="c">c</subfield>
        </datafield>
        <datafield tag="999" ind1=" " ind2=" ">
            <subfield code="a">slr20120210</subfield>
            <subfield code="b">20120210</subfield>
            <subfield code="c">r</subfield>
        </datafield>
        <datafield tag="999" ind1=" " ind2=" ">
            <subfield code="a">bcq20120210</subfield>
            <subfield code="b">20120210</subfield>
            <subfield code="c">q</subfield>
        </datafield>
        <datafield tag="999" ind1=" " ind2=" ">
            <subfield code="a">vwt20120227</subfield>
            <subfield code="b">20120227</subfield>
            <subfield code="c">t</subfield>
        </datafield>
        <datafield tag="999" ind1=" " ind2=" ">
            <subfield code="a">vwu20130328</subfield>
            <subfield code="b">20130328</subfield>
            <subfield code="c">u</subfield>
        </datafield>
        <datafield tag="999" ind1=" " ind2=" ">
            <subfield code="a">vwu20130701</subfield>
            <subfield code="b">20130701</subfield>
            <subfield code="c">u</subfield>
        </datafield>
    </record>