

    
    <record>
        <controlfield tag="001">720478</controlfield>
        <controlfield tag="000">00000nam\\2200025#a\4500</controlfield>
        <controlfield tag="005">20170412204755.0</controlfield>
        <controlfield tag="008">120203s2011\\\\usa\\\\#r\\\\\|||1|\eng\d</controlfield>
        <datafield tag="029" ind1=" " ind2=" ">
            <subfield code="a">JN</subfield>
            <subfield code="b">N1138375 E</subfield>
        </datafield>
        <datafield tag="035" ind1=" " ind2=" ">
            <subfield code="a">D0386542</subfield>
        </datafield>
        <datafield tag="035" ind1=" " ind2=" ">
            <subfield code="a">(DHL)966291</subfield>
        </datafield>
        <datafield tag="039" ind1=" " ind2=" ">
            <subfield code="a">DHU</subfield>
        </datafield>
        <datafield tag="040" ind1=" " ind2=" ">
            <subfield code="a">NNUN</subfield>
            <subfield code="b">eng</subfield>
        </datafield>
        <datafield tag="041" ind1=" " ind2=" ">
            <subfield code="a">arachiengfrerusspa</subfield>
        </datafield>
        <datafield tag="049" ind1=" " ind2=" ">
            <subfield code="a">usa</subfield>
        </datafield>
        <datafield tag="089" ind1=" " ind2=" ">
            <subfield code="b">B03</subfield>
        </datafield>
        <datafield tag="091" ind1=" " ind2=" ">
            <subfield code="a">GEN</subfield>
        </datafield>
        <datafield tag="099" ind1=" " ind2=" ">
            <subfield code="a">UNH</subfield>
            <subfield code="b">DHU</subfield>
            <subfield code="c">A(01)/R3</subfield>
            <subfield code="q">A01R3</subfield>
        </datafield>
        <datafield tag="191" ind1=" " ind2=" ">
            <subfield code="0">1221254</subfield>
            <subfield code="9">G11</subfield>
            <subfield code="a">A/C.1/65/PV.24</subfield>
            <subfield code="b">A/</subfield>
            <subfield code="c">65</subfield>
            <subfield code="q">AC165PV24</subfield>
            <subfield code="r">A65</subfield>
        </datafield>
        <datafield tag="245" ind1="1" ind2="0">
            <subfield code="a">General Assembly official records, 65th session :</subfield>
            <subfield code="b">1st Committee, 24th meeting, Wednesday, 22 June 2011, New York</subfield>
        </datafield>
        <datafield tag="260" ind1=" " ind2=" ">
            <subfield code="a">[New York] :</subfield>
            <subfield code="b">UN,</subfield>
            <subfield code="c">[2011]</subfield>
        </datafield>
        <datafield tag="269" ind1=" " ind2=" ">
            <subfield code="a">2011</subfield>
        </datafield>
        <datafield tag="300" ind1=" " ind2=" ">
            <subfield code="a">2 p.</subfield>
        </datafield>
        <datafield tag="495" ind1=" " ind2=" ">
            <subfield code="a">GAOR, 65th sess., 1st Committee</subfield>
        </datafield>
        <datafield tag="610" ind1="2" ind2="7">
            <subfield code="0">1234145</subfield>
            <subfield code="2">unbisn</subfield>
            <subfield code="a">UN. General Assembly (66th sess. : 2011-2012). 1st Committee. Chairperson</subfield>
        </datafield>
        <datafield tag="650" ind1="1" ind2="7">
            <subfield code="0">1283256</subfield>
            <subfield code="2">unbist</subfield>
            <subfield code="a">ELECTION OF OFFICERS</subfield>
        </datafield>
        <datafield tag="793" ind1=" " ind2=" ">
            <subfield code="a">01</subfield>
        </datafield>
        <datafield tag="856" ind1="4" ind2=" ">
            <subfield code="s">87910</subfield>
            <subfield code="u">http://digitallibrary.un.org/record/720478/files/A_C.1_65_PV.24-AR.pdf</subfield>
            <subfield code="y">العربية</subfield>
        </datafield>
        <datafield tag="856" ind1="4" ind2=" ">
            <subfield code="s">154928</subfield>
            <subfield code="u">http://digitallibrary.un.org/record/720478/files/A_C.1_65_PV.24-ZH.pdf</subfield>
            <subfield code="y">中文</subfield>
        </datafield>
        <datafield tag="856" ind1="4" ind2=" ">
            <subfield code="s">33592</subfield>
            <subfield code="u">http://digitallibrary.un.org/record/720478/files/A_C.1_65_PV.24-EN.pdf</subfield>
            <subfield code="y">English</subfield>
        </datafield>
        <datafield tag="856" ind1="4" ind2=" ">
            <subfield code="s">35444</subfield>
            <subfield code="u">http://digitallibrary.un.org/record/720478/files/A_C.1_65_PV.24-FR.pdf</subfield>
            <subfield code="y">Français</subfield>
        </datafield>
        <datafield tag="856" ind1="4" ind2=" ">
            <subfield code="s">164447</subfield>
            <subfield code="u">http://digitallibrary.un.org/record/720478/files/A_C.1_65_PV.24-RU.pdf</subfield>
            <subfield code="y">Русский</subfield>
        </datafield>
        <datafield tag="856" ind1="4" ind2=" ">
            <subfield code="s">112406</subfield>
            <subfield code="u">http://digitallibrary.un.org/record/720478/files/A_C.1_65_PV.24-ES.pdf</subfield>
            <subfield code="y">Español</subfield>
        </datafield>
        <datafield tag="930" ind1=" " ind2=" ">
            <subfield code="a">UNDFE12</subfield>
        </datafield>
        <datafield tag="930" ind1=" " ind2=" ">
            <subfield code="a">ITPA66</subfield>
        </datafield>
        <datafield tag="949" ind1=" " ind2=" ">
            <subfield code="9">A(01)/R3</subfield>
            <subfield code="b">1851097.2.1</subfield>
            <subfield code="c">c. 1</subfield>
            <subfield code="d">20120507200000</subfield>
            <subfield code="i">1851097</subfield>
            <subfield code="k">uncs</subfield>
            <subfield code="l">DHL</subfield>
            <subfield code="m">14day</subfield>
            <subfield code="z">t</subfield>
        </datafield>
        <datafield tag="949" ind1=" " ind2=" ">
            <subfield code="9">A(01)/R3</subfield>
            <subfield code="b">1851100.5.1</subfield>
            <subfield code="c">c. 1</subfield>
            <subfield code="d">20120507200000</subfield>
            <subfield code="i">1851100</subfield>
            <subfield code="k">unss</subfield>
            <subfield code="l">DHL</subfield>
            <subfield code="m">14day</subfield>
            <subfield code="z">t</subfield>
        </datafield>
        <datafield tag="949" ind1=" " ind2=" ">
            <subfield code="9">A(01)/R3</subfield>
            <subfield code="b">10000000966291</subfield>
            <subfield code="c">c. 1</subfield>
            <subfield code="d">20120202190000</subfield>
            <subfield code="i">1835979</subfield>
            <subfield code="k">unes</subfield>
            <subfield code="l">DHL</subfield>
            <subfield code="m">14day</subfield>
            <subfield code="z">t</subfield>
        </datafield>
        <datafield tag="949" ind1=" " ind2=" ">
            <subfield code="9">A(01)/R3</subfield>
            <subfield code="b">1851099.4.1</subfield>
            <subfield code="c">c. 1</subfield>
            <subfield code="d">20120507200000</subfield>
            <subfield code="i">1851099</subfield>
            <subfield code="k">unrs</subfield>
            <subfield code="l">DHL</subfield>
            <subfield code="m">14day</subfield>
            <subfield code="z">t</subfield>
        </datafield>
        <datafield tag="949" ind1=" " ind2=" ">
            <subfield code="9">A(01)/R3</subfield>
            <subfield code="b">1851098.3.1</subfield>
            <subfield code="c">c. 1</subfield>
            <subfield code="d">20120507200000</subfield>
            <subfield code="i">1851098</subfield>
            <subfield code="k">unfs</subfield>
            <subfield code="l">DHL</subfield>
            <subfield code="m">14day</subfield>
            <subfield code="z">t</subfield>
        </datafield>
        <datafield tag="949" ind1=" " ind2=" ">
            <subfield code="9">A(01)/R3</subfield>
            <subfield code="b">1851096.1.1</subfield>
            <subfield code="c">c. 1</subfield>
            <subfield code="d">20120507200000</subfield>
            <subfield code="i">1851096</subfield>
            <subfield code="k">unas</subfield>
            <subfield code="l">DHL</subfield>
            <subfield code="m">14day</subfield>
            <subfield code="z">t</subfield>
        </datafield>
        <datafield tag="980" ind1=" " ind2=" ">
            <subfield code="a">BIB</subfield>
        </datafield>
        <datafield tag="989" ind1=" " ind2=" ">
            <subfield code="a">Documents and Publications</subfield>
            <subfield code="b">Meeting Records</subfield>
            <subfield code="c">Verbatim Records</subfield>
        </datafield>
        <datafield tag="991" ind1="1" ind2=" ">
            <subfield code="0">1221280</subfield>
            <subfield code="a">A/65/251</subfield>
            <subfield code="b">5</subfield>
            <subfield code="c">Election of the officers of the Main Committees.</subfield>
            <subfield code="d">UN. GENERAL ASSEMBLY (65TH SESS. : 2010-2011)--OFFICERS</subfield>
            <subfield code="e">At the 24th meeting, Jarmo Viinanen (Finland) was elected Chairperson of the 1st Committee for the 66th session of the General Assembly by acclamation</subfield>
            <subfield code="z">I</subfield>
        </datafield>
        <datafield tag="991" ind1="1" ind2=" ">
            <subfield code="0">1230422</subfield>
            <subfield code="a">A/66/251</subfield>
            <subfield code="b">5</subfield>
            <subfield code="c">Election of the officers of the Main Committees.</subfield>
            <subfield code="d">UN. GENERAL ASSEMBLY (66TH SESS. : 2011-2012)--OFFICERS</subfield>
            <subfield code="e">At the 24th meeting, Jarmo Viinanen (Finland) was elected Chairperson of the 1st Committee for the 66th session of the General Assembly by acclamation</subfield>
            <subfield code="m">A/</subfield>
            <subfield code="s">66</subfield>
            <subfield code="z">I</subfield>
        </datafield>
        <datafield tag="992" ind1=" " ind2=" ">
            <subfield code="a">20110622</subfield>
        </datafield>
        <datafield tag="998" ind1=" " ind2=" ">
            <subfield code="a">20120203042300</subfield>
            <subfield code="b">mlcat</subfield>
            <subfield code="c">20151209102000</subfield>
            <subfield code="d">mhref</subfield>
        </datafield>
        <datafield tag="999" ind1=" " ind2=" ">
            <subfield code="a">jmc20120203</subfield>
            <subfield code="b">20120203</subfield>
            <subfield code="c">c</subfield>
        </datafield>
        <datafield tag="999" ind1=" " ind2=" ">
            <subfield code="a">slr20120206</subfield>
            <subfield code="b">20120206</subfield>
            <subfield code="c">r</subfield>
        </datafield>
        <datafield tag="999" ind1=" " ind2=" ">
            <subfield code="a">mleq20120203</subfield>
            <subfield code="b">20120203</subfield>
            <subfield code="c">q</subfield>
        </datafield>
        <datafield tag="999" ind1=" " ind2=" ">
            <subfield code="a">vwt20120203</subfield>
            <subfield code="b">20120203</subfield>
            <subfield code="c">t</subfield>
        </datafield>
        <datafield tag="999" ind1=" " ind2=" ">
            <subfield code="a">mlei20120508</subfield>
            <subfield code="b">20120508</subfield>
            <subfield code="c">i</subfield>
        </datafield>
    </record>