

    
<record>
  <controlfield tag="000">00000nam  2200025#a 450</controlfield>
  <controlfield tag="001">719081</controlfield>
  <controlfield tag="005">20171108055202.0</controlfield>
  <controlfield tag="008">120110s2011    usa    #r     |||1| eng d</controlfield>
  <datafield tag="029" ind1=" " ind2=" ">
    <subfield code="a">JN</subfield>
    <subfield code="b">G1146325 E</subfield>
  </datafield>
  <datafield tag="035" ind1=" " ind2=" ">
    <subfield code="a">D964755X</subfield>
    <subfield code="z">D0385830</subfield>
  </datafield>
  <datafield tag="035" ind1=" " ind2=" ">
    <subfield code="a">(DHL)964755</subfield>
  </datafield>
  <datafield tag="039" ind1=" " ind2=" ">
    <subfield code="a">DHU</subfield>
  </datafield>
  <datafield tag="040" ind1=" " ind2=" ">
    <subfield code="a">NNUN</subfield>
    <subfield code="b">eng</subfield>
  </datafield>
  <datafield tag="041" ind1="0" ind2=" ">
    <subfield code="a">arachiengfrerusspa</subfield>
  </datafield>
  <datafield tag="049" ind1=" " ind2=" ">
    <subfield code="a">usa</subfield>
  </datafield>
  <datafield tag="089" ind1=" " ind2=" ">
    <subfield code="b">B04</subfield>
  </datafield>
  <datafield tag="089" ind1=" " ind2=" ">
    <subfield code="b">B24</subfield>
  </datafield>
  <datafield tag="089" ind1=" " ind2=" ">
    <subfield code="b">B25</subfield>
  </datafield>
  <datafield tag="089" ind1=" " ind2=" ">
    <subfield code="b">B26</subfield>
  </datafield>
  <datafield tag="091" ind1=" " ind2=" ">
    <subfield code="a">GEN</subfield>
  </datafield>
  <datafield tag="099" ind1=" " ind2=" ">
    <subfield code="a">UNH</subfield>
    <subfield code="b">DHU</subfield>
    <subfield code="c">A(01)/R3</subfield>
    <subfield code="q">A01R3</subfield>
  </datafield>
  <datafield tag="191" ind1=" " ind2=" ">
    <subfield code="a">A/66/18</subfield>
    <subfield code="b">A/</subfield>
    <subfield code="c">66</subfield>
    <subfield code="9">G00</subfield>
    <subfield code="q">A6618</subfield>
    <subfield code="r">A66</subfield>
    <subfield code="0">(DHLAUTH)792540</subfield>
  </datafield>
  <datafield tag="245" ind1="1" ind2="0">
    <subfield code="a">Report of the Committee on the Elimination of Racial Discrimination, 78th session (14 February-11 March 2011), 79th session (8 August-2 September 2011) </subfield>
  </datafield>
  <datafield tag="260" ind1=" " ind2=" ">
    <subfield code="a">New York :</subfield>
    <subfield code="b">UN,</subfield>
    <subfield code="c">2011</subfield>
  </datafield>
  <datafield tag="269" ind1=" " ind2=" ">
    <subfield code="a">2011</subfield>
  </datafield>
  <datafield tag="300" ind1=" " ind2=" ">
    <subfield code="a">v, 186 p. :</subfield>
    <subfield code="b">tables</subfield>
  </datafield>
  <datafield tag="495" ind1=" " ind2=" ">
    <subfield code="a">GAOR, 66th sess., Suppl. no. 18</subfield>
  </datafield>
  <datafield tag="500" ind1=" " ind2=" ">
    <subfield code="a">Includes 10 annexes (p. 144-186).</subfield>
  </datafield>
  <datafield tag="610" ind1="2" ind2="7">
    <subfield code="a">UN. Committee on the Elimination of Racial Discrimination (78th sess. : 2011 : Geneva)</subfield>
    <subfield code="2">unbisn</subfield>
    <subfield code="0">(DHLAUTH)792585</subfield>
  </datafield>
  <datafield tag="610" ind1="2" ind2="7">
    <subfield code="a">UN. Committee on the Elimination of Racial Discrimination (79th sess. : 2011 : Geneva)</subfield>
    <subfield code="2">unbisn</subfield>
    <subfield code="0">(DHLAUTH)802617</subfield>
  </datafield>
  <datafield tag="610" ind1="2" ind2="7">
    <subfield code="a">UN. Committee on the Elimination of Racial Discrimination (78th sess. : 2011 : Geneva)</subfield>
    <subfield code="g">Work organization</subfield>
    <subfield code="2">unbisn</subfield>
    <subfield code="0">(DHLAUTH)795785</subfield>
  </datafield>
  <datafield tag="610" ind1="2" ind2="7">
    <subfield code="a">UN. Committee on the Elimination of Racial Discrimination (79th sess. : 2011 : Geneva)</subfield>
    <subfield code="g">Work organization</subfield>
    <subfield code="2">unbisn</subfield>
    <subfield code="0">(DHLAUTH)807386</subfield>
  </datafield>
  <datafield tag="610" ind1="2" ind2="7">
    <subfield code="a">UN. Committee on the Elimination of Racial Discrimination (78th sess. : 2011 : Geneva)</subfield>
    <subfield code="g">Agenda</subfield>
    <subfield code="2">unbisn</subfield>
    <subfield code="0">(DHLAUTH)810603</subfield>
  </datafield>
  <datafield tag="610" ind1="2" ind2="7">
    <subfield code="a">UN. Committee on the Elimination of Racial Discrimination (79th sess. : 2011 : Geneva)</subfield>
    <subfield code="g">Agenda</subfield>
    <subfield code="2">unbisn</subfield>
    <subfield code="0">(DHLAUTH)807707</subfield>
  </datafield>
  <datafield tag="610" ind1="2" ind2="7">
    <subfield code="a">UN. Committee on the Elimination of Racial Discrimination (78th sess. : 2012 : Geneva)</subfield>
    <subfield code="g">Resolutions and decisions</subfield>
    <subfield code="2">unbisn</subfield>
    <subfield code="0">(DHLAUTH)810604</subfield>
  </datafield>
  <datafield tag="610" ind1="2" ind2="7">
    <subfield code="a">UN. Committee on the Elimination of Racial Discrimination (79th sess. : 2011 : Geneva)</subfield>
    <subfield code="g">Resolutions and decisions</subfield>
    <subfield code="2">unbisn</subfield>
    <subfield code="0">(DHLAUTH)810605</subfield>
  </datafield>
  <datafield tag="630" ind1="0" ind2="7">
    <subfield code="a">Declaration of the World Conference against Racism, Racial Discrimination, Xenophobia and Related Intolerance (2001)</subfield>
    <subfield code="2">unbisn</subfield>
    <subfield code="0">(DHLAUTH)598028</subfield>
  </datafield>
  <datafield tag="630" ind1="0" ind2="7">
    <subfield code="a">Programme of Action of the World Conference against Racism, Racial Discrimination, Xenophobia and Related Intolerance (2001)</subfield>
    <subfield code="2">unbisn</subfield>
    <subfield code="0">(DHLAUTH)598029</subfield>
  </datafield>
  <datafield tag="630" ind1="0" ind2="7">
    <subfield code="a">International Convention on the Elimination of All Forms of Racial Discrimination (1965)</subfield>
    <subfield code="2">unbisn</subfield>
    <subfield code="0">(DHLAUTH)34543</subfield>
  </datafield>
  <datafield tag="630" ind1="0" ind2="7">
    <subfield code="a">International Year for People of African Descent (2011)</subfield>
    <subfield code="2">unbisn</subfield>
    <subfield code="0">(DHLAUTH)775429</subfield>
  </datafield>
  <datafield tag="650" ind1="1" ind2="7">
    <subfield code="a">RACE RELATIONS</subfield>
    <subfield code="2">unbist</subfield>
    <subfield code="0">(DHLAUTH)273233</subfield>
  </datafield>
  <datafield tag="650" ind1="1" ind2="7">
    <subfield code="a">PERIODIC REPORTS</subfield>
    <subfield code="2">unbist</subfield>
    <subfield code="0">(DHLAUTH)275135</subfield>
  </datafield>
  <datafield tag="650" ind1="1" ind2="7">
    <subfield code="a">RACIAL DISCRIMINATION</subfield>
    <subfield code="2">unbist</subfield>
    <subfield code="0">(DHLAUTH)268993</subfield>
  </datafield>
  <datafield tag="650" ind1="2" ind2="7">
    <subfield code="a">INTER-AGENCY COOPERATION</subfield>
    <subfield code="2">unbist</subfield>
    <subfield code="0">(DHLAUTH)268578</subfield>
  </datafield>
  <datafield tag="650" ind1="2" ind2="7">
    <subfield code="a">WRITTEN COMMUNICATIONS</subfield>
    <subfield code="2">unbist</subfield>
    <subfield code="0">(DHLAUTH)272695</subfield>
  </datafield>
  <datafield tag="650" ind1="2" ind2="7">
    <subfield code="a">PETITIONS</subfield>
    <subfield code="2">unbist</subfield>
    <subfield code="0">(DHLAUTH)274483</subfield>
  </datafield>
  <datafield tag="650" ind1="2" ind2="7">
    <subfield code="a">NON-SELF-GOVERNING TERRITORIES</subfield>
    <subfield code="2">unbist</subfield>
    <subfield code="0">(DHLAUTH)268999</subfield>
  </datafield>
  <datafield tag="650" ind1="2" ind2="7">
    <subfield code="a">TREATIES</subfield>
    <subfield code="2">unbist</subfield>
    <subfield code="0">(DHLAUTH)9632</subfield>
  </datafield>
  <datafield tag="650" ind1="2" ind2="7">
    <subfield code="a">SIGNATURES, ACCESSIONS, RATIFICATIONS</subfield>
    <subfield code="2">unbist</subfield>
    <subfield code="0">(DHLAUTH)275982</subfield>
  </datafield>
  <datafield tag="650" ind1="2" ind2="7">
    <subfield code="a">RESERVATIONS AND DECLARATIONS</subfield>
    <subfield code="2">unbist</subfield>
    <subfield code="0">(DHLAUTH)269485</subfield>
  </datafield>
  <datafield tag="650" ind1="2" ind2="7">
    <subfield code="a">PEOPLE OF AFRICAN DESCENT</subfield>
    <subfield code="2">unbist</subfield>
    <subfield code="0">(DHLAUTH)268256</subfield>
  </datafield>
  <datafield tag="650" ind1="2" ind2="7">
    <subfield code="a">COUNTRY RAPPORTEURS</subfield>
    <subfield code="2">unbist</subfield>
    <subfield code="0">(DHLAUTH)692230</subfield>
  </datafield>
  <datafield tag="650" ind1="2" ind2="7">
    <subfield code="a">DOCUMENTS</subfield>
    <subfield code="2">unbist</subfield>
    <subfield code="0">(DHLAUTH)270014</subfield>
  </datafield>
  <datafield tag="651" ind1="1" ind2="7">
    <subfield code="a">ALBANIA</subfield>
    <subfield code="2">unbist</subfield>
    <subfield code="0">(DHLAUTH)273259</subfield>
  </datafield>
  <datafield tag="651" ind1="1" ind2="7">
    <subfield code="a">ARMENIA</subfield>
    <subfield code="2">unbist</subfield>
    <subfield code="0">(DHLAUTH)275615</subfield>
  </datafield>
  <datafield tag="651" ind1="1" ind2="7">
    <subfield code="a">BOLIVIA (PLURINATIONAL STATE OF)</subfield>
    <subfield code="2">unbist</subfield>
    <subfield code="0">(DHLAUTH)273285</subfield>
  </datafield>
  <datafield tag="651" ind1="1" ind2="7">
    <subfield code="a">CUBA</subfield>
    <subfield code="2">unbist</subfield>
    <subfield code="0">(DHLAUTH)269098</subfield>
  </datafield>
  <datafield tag="651" ind1="1" ind2="7">
    <subfield code="a">CZECH REPUBLIC</subfield>
    <subfield code="2">unbist</subfield>
    <subfield code="0">(DHLAUTH)273317</subfield>
  </datafield>
  <datafield tag="651" ind1="1" ind2="7">
    <subfield code="a">GEORGIA</subfield>
    <subfield code="2">unbist</subfield>
    <subfield code="0">(DHLAUTH)275617</subfield>
  </datafield>
  <datafield tag="651" ind1="1" ind2="7">
    <subfield code="a">IRELAND</subfield>
    <subfield code="2">unbist</subfield>
    <subfield code="0">(DHLAUTH)273372</subfield>
  </datafield>
  <datafield tag="651" ind1="1" ind2="7">
    <subfield code="a">KENYA</subfield>
    <subfield code="2">unbist</subfield>
    <subfield code="0">(DHLAUTH)273382</subfield>
  </datafield>
  <datafield tag="651" ind1="1" ind2="7">
    <subfield code="a">LITHUANIA</subfield>
    <subfield code="2">unbist</subfield>
    <subfield code="0">(DHLAUTH)275578</subfield>
  </datafield>
  <datafield tag="651" ind1="1" ind2="7">
    <subfield code="a">MALDIVES</subfield>
    <subfield code="2">unbist</subfield>
    <subfield code="0">(DHLAUTH)273401</subfield>
  </datafield>
  <datafield tag="651" ind1="1" ind2="7">
    <subfield code="a">MALTA</subfield>
    <subfield code="2">unbist</subfield>
    <subfield code="0">(DHLAUTH)273405</subfield>
  </datafield>
  <datafield tag="651" ind1="1" ind2="7">
    <subfield code="a">NORWAY</subfield>
    <subfield code="2">unbist</subfield>
    <subfield code="0">(DHLAUTH)273436</subfield>
  </datafield>
  <datafield tag="651" ind1="1" ind2="7">
    <subfield code="a">PARAGUAY</subfield>
    <subfield code="2">unbist</subfield>
    <subfield code="0">(DHLAUTH)273445</subfield>
  </datafield>
  <datafield tag="651" ind1="1" ind2="7">
    <subfield code="a">REPUBLIC OF MOLDOVA</subfield>
    <subfield code="2">unbist</subfield>
    <subfield code="0">(DHLAUTH)275579</subfield>
  </datafield>
  <datafield tag="651" ind1="1" ind2="7">
    <subfield code="a">RWANDA</subfield>
    <subfield code="2">unbist</subfield>
    <subfield code="0">(DHLAUTH)273457</subfield>
  </datafield>
  <datafield tag="651" ind1="1" ind2="7">
    <subfield code="a">SERBIA</subfield>
    <subfield code="2">unbist</subfield>
    <subfield code="0">(DHLAUTH)709958</subfield>
  </datafield>
  <datafield tag="651" ind1="1" ind2="7">
    <subfield code="a">SPAIN</subfield>
    <subfield code="2">unbist</subfield>
    <subfield code="0">(DHLAUTH)273481</subfield>
  </datafield>
  <datafield tag="651" ind1="1" ind2="7">
    <subfield code="a">UKRAINE</subfield>
    <subfield code="2">unbist</subfield>
    <subfield code="0">(DHLAUTH)273514</subfield>
  </datafield>
  <datafield tag="651" ind1="1" ind2="7">
    <subfield code="a">UNITED KINGDOM</subfield>
    <subfield code="2">unbist</subfield>
    <subfield code="0">(DHLAUTH)269078</subfield>
  </datafield>
  <datafield tag="651" ind1="1" ind2="7">
    <subfield code="a">URUGUAY</subfield>
    <subfield code="2">unbist</subfield>
    <subfield code="0">(DHLAUTH)273516</subfield>
  </datafield>
  <datafield tag="651" ind1="1" ind2="7">
    <subfield code="a">YEMEN</subfield>
    <subfield code="2">unbist</subfield>
    <subfield code="0">(DHLAUTH)273521</subfield>
  </datafield>
  <datafield tag="710" ind1="2" ind2=" ">
    <subfield code="a">UN. Committee on the Elimination of Racial Discrimination (78th sess. : 2011 : Geneva)</subfield>
    <subfield code="0">(DHLAUTH)792585</subfield>
  </datafield>
  <datafield tag="710" ind1="2" ind2=" ">
    <subfield code="a">UN. Committee on the Elimination of Racial Discrimination (79th sess. : 2011 : Geneva)</subfield>
    <subfield code="0">(DHLAUTH)802617</subfield>
  </datafield>
  <datafield tag="830" ind1="0" ind2=" ">
    <subfield code="a">Report of the Committee on the Elimination of Racial Discrimination</subfield>
    <subfield code="0">(DHLAUTH)884808</subfield>
  </datafield>
  <datafield tag="830" ind1="0" ind2=" ">
    <subfield code="a">General Assembly. Official Records. Supplement</subfield>
    <subfield code="0">(DHLAUTH)882079</subfield>
  </datafield>
  <datafield tag="856" ind1="4" ind2=" ">
    <subfield code="s">1121814</subfield>
    <subfield code="u">http://digitallibrary.un.org/record/719081/files/A_66_18-EN.pdf</subfield>
    <subfield code="y">English</subfield>
  </datafield>
  <datafield tag="856" ind1="4" ind2=" ">
    <subfield code="s">1205572</subfield>
    <subfield code="u">http://digitallibrary.un.org/record/719081/files/A_66_18-FR.pdf</subfield>
    <subfield code="y">Français</subfield>
  </datafield>
  <datafield tag="856" ind1="4" ind2=" ">
    <subfield code="s">1246369</subfield>
    <subfield code="u">http://digitallibrary.un.org/record/719081/files/A_66_18-ES.pdf</subfield>
    <subfield code="y">Español</subfield>
  </datafield>
  <datafield tag="856" ind1="4" ind2=" ">
    <subfield code="s">1489695</subfield>
    <subfield code="u">http://digitallibrary.un.org/record/719081/files/A_66_18-AR.pdf</subfield>
    <subfield code="y">العربية</subfield>
  </datafield>
  <datafield tag="856" ind1="4" ind2=" ">
    <subfield code="s">2209046</subfield>
    <subfield code="u">http://digitallibrary.un.org/record/719081/files/A_66_18-RU.pdf</subfield>
    <subfield code="y">Русский</subfield>
  </datafield>
  <datafield tag="856" ind1="4" ind2=" ">
    <subfield code="s">7758572</subfield>
    <subfield code="u">http://digitallibrary.un.org/record/719081/files/A_66_18-ZH.pdf</subfield>
    <subfield code="y">中文</subfield>
  </datafield>
  <datafield tag="930" ind1=" " ind2=" ">
    <subfield code="a">UNDJA12</subfield>
  </datafield>
  <datafield tag="930" ind1=" " ind2=" ">
    <subfield code="a">ITPA67</subfield>
  </datafield>
  <datafield tag="949" ind1=" " ind2=" ">
    <subfield code="9">A(01)/R3</subfield>
    <subfield code="b">1831150.1.1</subfield>
    <subfield code="i">1831150</subfield>
    <subfield code="k">unfs</subfield>
    <subfield code="c">c. 1</subfield>
    <subfield code="l">DHL</subfield>
    <subfield code="z">t</subfield>
    <subfield code="m">14day</subfield>
    <subfield code="d">20120109190000</subfield>
  </datafield>
  <datafield tag="949" ind1=" " ind2=" ">
    <subfield code="9">A(01)/R3</subfield>
    <subfield code="b">1831529.2.1</subfield>
    <subfield code="i">1831529</subfield>
    <subfield code="k">unss</subfield>
    <subfield code="c">c. 1</subfield>
    <subfield code="l">DHL</subfield>
    <subfield code="z">t</subfield>
    <subfield code="m">14day</subfield>
    <subfield code="d">20120110190000</subfield>
  </datafield>
  <datafield tag="949" ind1=" " ind2=" ">
    <subfield code="9">A(01)/R3</subfield>
    <subfield code="b">1835231.1.1</subfield>
    <subfield code="i">1835231</subfield>
    <subfield code="k">unas</subfield>
    <subfield code="c">c. 1</subfield>
    <subfield code="l">DHL</subfield>
    <subfield code="z">t</subfield>
    <subfield code="m">14day</subfield>
    <subfield code="d">20120129190000</subfield>
  </datafield>
  <datafield tag="949" ind1=" " ind2=" ">
    <subfield code="9">A(01)/R3</subfield>
    <subfield code="b">1831528.1.1</subfield>
    <subfield code="i">1831528</subfield>
    <subfield code="k">unrs</subfield>
    <subfield code="c">c. 1</subfield>
    <subfield code="l">DHL</subfield>
    <subfield code="z">t</subfield>
    <subfield code="m">14day</subfield>
    <subfield code="d">20120110190000</subfield>
  </datafield>
  <datafield tag="949" ind1=" " ind2=" ">
    <subfield code="9">A(01)/R3</subfield>
    <subfield code="b">1835232.2.1</subfield>
    <subfield code="i">1835232</subfield>
    <subfield code="k">uncs</subfield>
    <subfield code="c">c. 1</subfield>
    <subfield code="l">DHL</subfield>
    <subfield code="z">t</subfield>
    <subfield code="m">14day</subfield>
    <subfield code="d">20120129190000</subfield>
  </datafield>
  <datafield tag="949" ind1=" " ind2=" ">
    <subfield code="9">A(01)/R3</subfield>
    <subfield code="b">10000000964755</subfield>
    <subfield code="i">1831149</subfield>
    <subfield code="k">unes</subfield>
    <subfield code="c">c. 1</subfield>
    <subfield code="l">DHL</subfield>
    <subfield code="z">t</subfield>
    <subfield code="m">14day</subfield>
    <subfield code="d">20120109190000</subfield>
  </datafield>
  <datafield tag="989" ind1=" " ind2=" ">
    <subfield code="a">Documents and Publications</subfield>
    <subfield code="b">Reports</subfield>
    <subfield code="c">Annual and Sessional Reports</subfield>
  </datafield>
  <datafield tag="989" ind1=" " ind2=" ">
    <subfield code="a">Documents and Publications</subfield>
    <subfield code="b">Legal Cases and Opinions</subfield>
  </datafield>
  <datafield tag="989" ind1=" " ind2=" ">
    <subfield code="a">Documents and Publications</subfield>
    <subfield code="b">Concluding Observations and Recommendations</subfield>
  </datafield>
  <datafield tag="991" ind1="1" ind2=" ">
    <subfield code="a">A/66/251</subfield>
    <subfield code="b">67a</subfield>
    <subfield code="c">Elimination of racism, racial discrimination, xenophobia and related intolerance.</subfield>
    <subfield code="d">RACIAL DISCRIMINATION--ELIMINATION</subfield>
    <subfield code="z">I</subfield>
    <subfield code="0">(DHLAUTH)796233</subfield>
  </datafield>
  <datafield tag="991" ind1="1" ind2=" ">
    <subfield code="a">A/67/251</subfield>
    <subfield code="b">67a</subfield>
    <subfield code="c">Elimination of racism, racial discrimination, xenophobia and related intolerance.</subfield>
    <subfield code="d">RACIAL DISCRIMINATION--ELIMINATION</subfield>
    <subfield code="m">A/</subfield>
    <subfield code="s">67</subfield>
    <subfield code="z">I</subfield>
    <subfield code="0">(DHLAUTH)812885</subfield>
  </datafield>
  <datafield tag="998" ind1=" " ind2=" ">
    <subfield code="a">20120110054500</subfield>
    <subfield code="b">bccat</subfield>
    <subfield code="c">20170411105600</subfield>
    <subfield code="d">shkcat</subfield>
    <subfield code="z">20171107173044</subfield>
  </datafield>
  <datafield tag="999" ind1=" " ind2=" ">
    <subfield code="a">shku20170411</subfield>
    <subfield code="b">20170411</subfield>
    <subfield code="c">u</subfield>
  </datafield>
  <datafield tag="999" ind1=" " ind2=" ">
    <subfield code="a">jmc20120110</subfield>
    <subfield code="b">20120110</subfield>
    <subfield code="c">c</subfield>
  </datafield>
  <datafield tag="999" ind1=" " ind2=" ">
    <subfield code="a">bci20120111</subfield>
    <subfield code="b">20120111</subfield>
    <subfield code="c">i</subfield>
  </datafield>
  <datafield tag="999" ind1=" " ind2=" ">
    <subfield code="a">slr20120112</subfield>
    <subfield code="b">20120112</subfield>
    <subfield code="c">r</subfield>
  </datafield>
  <datafield tag="999" ind1=" " ind2=" ">
    <subfield code="a">bcq20120110</subfield>
    <subfield code="b">20120110</subfield>
    <subfield code="c">q</subfield>
  </datafield>
  <datafield tag="999" ind1=" " ind2=" ">
    <subfield code="a">mlei20120130</subfield>
    <subfield code="b">20120130</subfield>
    <subfield code="c">i</subfield>
  </datafield>
  <datafield tag="999" ind1=" " ind2=" ">
    <subfield code="a">vwt20121003</subfield>
    <subfield code="b">20121003</subfield>
    <subfield code="c">t</subfield>
  </datafield>
  <datafield tag="999" ind1=" " ind2=" ">
    <subfield code="a">vwu20121004</subfield>
    <subfield code="b">20121004</subfield>
    <subfield code="c">u</subfield>
  </datafield>
  <datafield tag="999" ind1=" " ind2=" ">
    <subfield code="a">vwu20121217</subfield>
    <subfield code="b">20121217</subfield>
    <subfield code="c">u</subfield>
  </datafield>
  <datafield tag="999" ind1=" " ind2=" ">
    <subfield code="a">vwu20130131</subfield>
    <subfield code="b">20130131</subfield>
    <subfield code="c">u</subfield>
  </datafield>
  <datafield tag="999" ind1=" " ind2=" ">
    <subfield code="a">vwu20130701</subfield>
    <subfield code="b">20130701</subfield>
    <subfield code="c">u</subfield>
  </datafield>
</record>