

    
    <record>
        <controlfield tag="001">716967</controlfield>
        <controlfield tag="000">00000nam\\2200025#a\4500</controlfield>
        <controlfield tag="005">20170412204656.0</controlfield>
        <controlfield tag="008">111205s2011\\\\usa\\\\#r\\\\\|||1|\eng\d</controlfield>
        <datafield tag="029" ind1=" " ind2=" ">
            <subfield code="a">JN</subfield>
            <subfield code="b">N1154043 E</subfield>
        </datafield>
        <datafield tag="035" ind1=" " ind2=" ">
            <subfield code="a">D0384891</subfield>
        </datafield>
        <datafield tag="035" ind1=" " ind2=" ">
            <subfield code="a">(DHL)962402</subfield>
        </datafield>
        <datafield tag="039" ind1=" " ind2=" ">
            <subfield code="a">DHU</subfield>
        </datafield>
        <datafield tag="040" ind1=" " ind2=" ">
            <subfield code="a">NNUN</subfield>
            <subfield code="b">eng</subfield>
        </datafield>
        <datafield tag="041" ind1=" " ind2=" ">
            <subfield code="a">arachiengfrerusspa</subfield>
        </datafield>
        <datafield tag="049" ind1=" " ind2=" ">
            <subfield code="a">usa</subfield>
        </datafield>
        <datafield tag="089" ind1=" " ind2=" ">
            <subfield code="b">B03</subfield>
        </datafield>
        <datafield tag="091" ind1=" " ind2=" ">
            <subfield code="a">LTD</subfield>
        </datafield>
        <datafield tag="099" ind1=" " ind2=" ">
            <subfield code="a">UNH</subfield>
            <subfield code="b">DHU</subfield>
            <subfield code="c">A(01)/R3</subfield>
            <subfield code="q">A01R3</subfield>
        </datafield>
        <datafield tag="191" ind1=" " ind2=" ">
            <subfield code="0">1228994</subfield>
            <subfield code="9">G88</subfield>
            <subfield code="a">A/66/PV.33</subfield>
            <subfield code="b">A/</subfield>
            <subfield code="c">66</subfield>
            <subfield code="q">A66PV33</subfield>
            <subfield code="r">A66</subfield>
        </datafield>
        <datafield tag="245" ind1="1" ind2="0">
            <subfield code="a">General Assembly official records, 66th session :</subfield>
            <subfield code="b">33rd plenary meeting, Tuesday, 11 October 2011, New York</subfield>
        </datafield>
        <datafield tag="260" ind1=" " ind2=" ">
            <subfield code="a">[New York] :</subfield>
            <subfield code="b">UN,</subfield>
            <subfield code="c">[2011]</subfield>
        </datafield>
        <datafield tag="269" ind1=" " ind2=" ">
            <subfield code="a">2011</subfield>
        </datafield>
        <datafield tag="300" ind1=" " ind2=" ">
            <subfield code="a">21 p.</subfield>
        </datafield>
        <datafield tag="495" ind1=" " ind2=" ">
            <subfield code="a">GAOR, 66th sess., Meeting records</subfield>
        </datafield>
        <datafield tag="610" ind1="2" ind2="7">
            <subfield code="0">1114119</subfield>
            <subfield code="2">unbisn</subfield>
            <subfield code="a">New Partnership for Africa's Development</subfield>
        </datafield>
        <datafield tag="630" ind1="0" ind2="7">
            <subfield code="0">1105160</subfield>
            <subfield code="2">unbisn</subfield>
            <subfield code="a">UN Decade to Roll Back Malaria in Developing Countries, Particularly in Africa (2001-2010)</subfield>
        </datafield>
        <datafield tag="650" ind1="1" ind2="7">
            <subfield code="0">1280554</subfield>
            <subfield code="2">unbist</subfield>
            <subfield code="a">MALARIA</subfield>
        </datafield>
        <datafield tag="650" ind1="1" ind2="7">
            <subfield code="0">1280514</subfield>
            <subfield code="2">unbist</subfield>
            <subfield code="a">DISEASE PREVENTION</subfield>
        </datafield>
        <datafield tag="650" ind1="1" ind2="7">
            <subfield code="0">1280513</subfield>
            <subfield code="2">unbist</subfield>
            <subfield code="a">DISEASE CONTROL</subfield>
        </datafield>
        <datafield tag="650" ind1="1" ind2="7">
            <subfield code="0">1278744</subfield>
            <subfield code="2">unbist</subfield>
            <subfield code="a">SUSTAINABLE DEVELOPMENT</subfield>
        </datafield>
        <datafield tag="650" ind1="1" ind2="7">
            <subfield code="0">1284084</subfield>
            <subfield code="2">unbist</subfield>
            <subfield code="a">PEACEBUILDING</subfield>
        </datafield>
        <datafield tag="651" ind1="1" ind2="7">
            <subfield code="0">1282072</subfield>
            <subfield code="2">unbist</subfield>
            <subfield code="a">AFRICA</subfield>
        </datafield>
        <datafield tag="793" ind1=" " ind2=" ">
            <subfield code="a">PL</subfield>
        </datafield>
        <datafield tag="856" ind1="4" ind2=" ">
            <subfield code="s">318775</subfield>
            <subfield code="u">http://digitallibrary.un.org/record/716967/files/A_66_PV.33-AR.pdf</subfield>
            <subfield code="y">العربية</subfield>
        </datafield>
        <datafield tag="856" ind1="4" ind2=" ">
            <subfield code="s">326849</subfield>
            <subfield code="u">http://digitallibrary.un.org/record/716967/files/A_66_PV.33-ZH.pdf</subfield>
            <subfield code="y">中文</subfield>
        </datafield>
        <datafield tag="856" ind1="4" ind2=" ">
            <subfield code="s">125778</subfield>
            <subfield code="u">http://digitallibrary.un.org/record/716967/files/A_66_PV.33-EN.pdf</subfield>
            <subfield code="y">English</subfield>
        </datafield>
        <datafield tag="856" ind1="4" ind2=" ">
            <subfield code="s">210217</subfield>
            <subfield code="u">http://digitallibrary.un.org/record/716967/files/A_66_PV.33-FR.pdf</subfield>
            <subfield code="y">Français</subfield>
        </datafield>
        <datafield tag="856" ind1="4" ind2=" ">
            <subfield code="s">465161</subfield>
            <subfield code="u">http://digitallibrary.un.org/record/716967/files/A_66_PV.33-RU.pdf</subfield>
            <subfield code="y">Русский</subfield>
        </datafield>
        <datafield tag="856" ind1="4" ind2=" ">
            <subfield code="s">240031</subfield>
            <subfield code="u">http://digitallibrary.un.org/record/716967/files/A_66_PV.33-ES.pdf</subfield>
            <subfield code="y">Español</subfield>
        </datafield>
        <datafield tag="930" ind1=" " ind2=" ">
            <subfield code="a">UNDDE11</subfield>
        </datafield>
        <datafield tag="949" ind1=" " ind2=" ">
            <subfield code="9">A(01)/R3</subfield>
            <subfield code="b">1823599.2.1</subfield>
            <subfield code="c">c. 1</subfield>
            <subfield code="d">20111204190000</subfield>
            <subfield code="i">1823599</subfield>
            <subfield code="k">uncs</subfield>
            <subfield code="l">DHL</subfield>
            <subfield code="m">14day</subfield>
            <subfield code="z">t</subfield>
        </datafield>
        <datafield tag="949" ind1=" " ind2=" ">
            <subfield code="9">A(01)/R3</subfield>
            <subfield code="b">1823601.4.1</subfield>
            <subfield code="c">c. 1</subfield>
            <subfield code="d">20111204190000</subfield>
            <subfield code="i">1823601</subfield>
            <subfield code="k">unrs</subfield>
            <subfield code="l">DHL</subfield>
            <subfield code="m">14day</subfield>
            <subfield code="z">t</subfield>
        </datafield>
        <datafield tag="949" ind1=" " ind2=" ">
            <subfield code="9">A(01)/R3</subfield>
            <subfield code="b">1823598.1.1</subfield>
            <subfield code="c">c. 1</subfield>
            <subfield code="d">20111204190000</subfield>
            <subfield code="i">1823598</subfield>
            <subfield code="k">unas</subfield>
            <subfield code="l">DHL</subfield>
            <subfield code="m">14day</subfield>
            <subfield code="z">t</subfield>
        </datafield>
        <datafield tag="949" ind1=" " ind2=" ">
            <subfield code="9">A(01)/R3</subfield>
            <subfield code="b">1823600.3.1</subfield>
            <subfield code="c">c. 1</subfield>
            <subfield code="d">20111204190000</subfield>
            <subfield code="i">1823600</subfield>
            <subfield code="k">unfs</subfield>
            <subfield code="l">DHL</subfield>
            <subfield code="m">14day</subfield>
            <subfield code="z">t</subfield>
        </datafield>
        <datafield tag="949" ind1=" " ind2=" ">
            <subfield code="9">A(01)/R3</subfield>
            <subfield code="b">10000000962402</subfield>
            <subfield code="c">c. 1</subfield>
            <subfield code="d">20111204190000</subfield>
            <subfield code="i">1823597</subfield>
            <subfield code="k">unes</subfield>
            <subfield code="l">DHL</subfield>
            <subfield code="m">14day</subfield>
            <subfield code="z">t</subfield>
        </datafield>
        <datafield tag="949" ind1=" " ind2=" ">
            <subfield code="9">A(01)/R3</subfield>
            <subfield code="b">1823602.5.1</subfield>
            <subfield code="c">c. 1</subfield>
            <subfield code="d">20111204190000</subfield>
            <subfield code="i">1823602</subfield>
            <subfield code="k">unss</subfield>
            <subfield code="l">DHL</subfield>
            <subfield code="m">14day</subfield>
            <subfield code="z">t</subfield>
        </datafield>
        <datafield tag="980" ind1=" " ind2=" ">
            <subfield code="a">BIB</subfield>
        </datafield>
        <datafield tag="989" ind1=" " ind2=" ">
            <subfield code="a">Documents and Publications</subfield>
            <subfield code="b">Meeting Records</subfield>
            <subfield code="c">Verbatim Records</subfield>
        </datafield>
        <datafield tag="991" ind1="1" ind2=" ">
            <subfield code="0">1230602</subfield>
            <subfield code="a">A/66/251</subfield>
            <subfield code="b">63a</subfield>
            <subfield code="c">New Partnership for Africa's Development : progress in implementation and international support.</subfield>
            <subfield code="d">AFRICA--SUSTAINABLE DEVELOPMENT--PARTNERSHIP</subfield>
            <subfield code="z">I</subfield>
        </datafield>
        <datafield tag="991" ind1="1" ind2=" ">
            <subfield code="0">1230603</subfield>
            <subfield code="a">A/66/251</subfield>
            <subfield code="b">63b</subfield>
            <subfield code="c">Causes of conflict and the promotion of durable peace and sustainable development in Africa.</subfield>
            <subfield code="d">AFRICA--DEVELOPMENT</subfield>
            <subfield code="z">I</subfield>
        </datafield>
        <datafield tag="991" ind1="1" ind2=" ">
            <subfield code="0">1230430</subfield>
            <subfield code="a">A/66/251</subfield>
            <subfield code="b">13</subfield>
            <subfield code="c">2001-2010 : Decade to Roll Back Malaria in Developing Countries, Particularly in Africa.</subfield>
            <subfield code="d">MALARIA--INTERNATIONAL DECADE (2001-2010)</subfield>
            <subfield code="z">I</subfield>
        </datafield>
        <datafield tag="992" ind1=" " ind2=" ">
            <subfield code="a">20111011</subfield>
        </datafield>
        <datafield tag="998" ind1=" " ind2=" ">
            <subfield code="a">20111205043000</subfield>
            <subfield code="b">kroy</subfield>
            <subfield code="c">20121116061400</subfield>
            <subfield code="d">vwcat2</subfield>
        </datafield>
        <datafield tag="999" ind1=" " ind2=" ">
            <subfield code="a">slr20111214</subfield>
            <subfield code="b">20111214</subfield>
            <subfield code="c">r</subfield>
        </datafield>
        <datafield tag="999" ind1=" " ind2=" ">
            <subfield code="a">jmc20111213</subfield>
            <subfield code="b">20111213</subfield>
            <subfield code="c">c</subfield>
        </datafield>
        <datafield tag="999" ind1=" " ind2=" ">
            <subfield code="a">krq20111205</subfield>
            <subfield code="b">20111205</subfield>
            <subfield code="c">q</subfield>
        </datafield>
        <datafield tag="999" ind1=" " ind2=" ">
            <subfield code="a">vwt20120301</subfield>
            <subfield code="b">20120301</subfield>
            <subfield code="c">t</subfield>
        </datafield>
    </record>