

    
<record>
  <controlfield tag="000">00000nam  2200025#a 450</controlfield>
  <controlfield tag="001">716459</controlfield>
  <controlfield tag="005">20171108050213.0</controlfield>
  <controlfield tag="008">111125s2011    usa    #r     |||1| eng d</controlfield>
  <datafield tag="029" ind1=" " ind2=" ">
    <subfield code="a">JN</subfield>
    <subfield code="b">N1163414 E</subfield>
  </datafield>
  <datafield tag="035" ind1=" " ind2=" ">
    <subfield code="a">D961856X</subfield>
    <subfield code="z">D0384695</subfield>
  </datafield>
  <datafield tag="035" ind1=" " ind2=" ">
    <subfield code="a">(DHL)961856</subfield>
  </datafield>
  <datafield tag="039" ind1=" " ind2=" ">
    <subfield code="a">DHU</subfield>
  </datafield>
  <datafield tag="040" ind1=" " ind2=" ">
    <subfield code="a">NNUN</subfield>
    <subfield code="b">eng</subfield>
  </datafield>
  <datafield tag="041" ind1="0" ind2=" ">
    <subfield code="a">arachiengfrerusspa</subfield>
  </datafield>
  <datafield tag="049" ind1=" " ind2=" ">
    <subfield code="a">usa</subfield>
  </datafield>
  <datafield tag="089" ind1=" " ind2=" ">
    <subfield code="b">B04</subfield>
  </datafield>
  <datafield tag="089" ind1=" " ind2=" ">
    <subfield code="b">B02</subfield>
  </datafield>
  <datafield tag="089" ind1=" " ind2=" ">
    <subfield code="b">B07</subfield>
  </datafield>
  <datafield tag="091" ind1=" " ind2=" ">
    <subfield code="a">GEN</subfield>
  </datafield>
  <datafield tag="099" ind1=" " ind2=" ">
    <subfield code="a">UNH</subfield>
    <subfield code="b">DHU</subfield>
  </datafield>
  <datafield tag="099" ind1=" " ind2=" ">
    <subfield code="a">UNH</subfield>
    <subfield code="b">DHU</subfield>
    <subfield code="c">A(01)/R3</subfield>
    <subfield code="q">A01R3</subfield>
  </datafield>
  <datafield tag="191" ind1=" " ind2=" ">
    <subfield code="a">A/66/53/Add.1</subfield>
    <subfield code="b">A/</subfield>
    <subfield code="c">66</subfield>
    <subfield code="9">G00</subfield>
    <subfield code="q">A6653ADD1</subfield>
    <subfield code="r">A66</subfield>
    <subfield code="0">(DHLAUTH)792540</subfield>
  </datafield>
  <datafield tag="245" ind1="1" ind2="0">
    <subfield code="a">Report of the Human Rights Council, 18th session (12-30 September and 21 October 2011)</subfield>
  </datafield>
  <datafield tag="260" ind1=" " ind2=" ">
    <subfield code="a">New York :</subfield>
    <subfield code="b">UN,</subfield>
    <subfield code="c">2011</subfield>
  </datafield>
  <datafield tag="269" ind1=" " ind2=" ">
    <subfield code="a">2011</subfield>
  </datafield>
  <datafield tag="300" ind1=" " ind2=" ">
    <subfield code="a">85 p.</subfield>
  </datafield>
  <datafield tag="495" ind1=" " ind2=" ">
    <subfield code="a">GAOR, 66th sess., Suppl. no. 53A</subfield>
  </datafield>
  <datafield tag="505" ind1="0" ind2=" ">
    <subfield code="a">1. Resolutions brought to the attention of the General Assembly for its consideration and possible action &lt;U+2013> 2. Resolutions &lt;U+2013> 3. Decisions &lt;U+2013> 4. President's statements.    </subfield>
  </datafield>
  <datafield tag="610" ind1="2" ind2="7">
    <subfield code="a">UN. Human Rights Council (18th sess. : 2011 : Geneva)</subfield>
    <subfield code="g">Resolutions and decisions</subfield>
    <subfield code="2">unbisn</subfield>
    <subfield code="0">(DHLAUTH)807716</subfield>
  </datafield>
  <datafield tag="650" ind1="1" ind2="7">
    <subfield code="a">HUMAN RIGHTS</subfield>
    <subfield code="2">unbist</subfield>
    <subfield code="0">(DHLAUTH)274431</subfield>
  </datafield>
  <datafield tag="710" ind1="2" ind2=" ">
    <subfield code="a">UN. Human Rights Council (18th sess. : 2011 : Geneva)</subfield>
    <subfield code="0">(DHLAUTH)804195</subfield>
  </datafield>
  <datafield tag="830" ind1="0" ind2=" ">
    <subfield code="a">Report of the Human Rights Council</subfield>
    <subfield code="0">(DHLAUTH)884779</subfield>
  </datafield>
  <datafield tag="830" ind1="0" ind2=" ">
    <subfield code="a">General Assembly. Official Records. Supplement</subfield>
    <subfield code="0">(DHLAUTH)882079</subfield>
  </datafield>
  <datafield tag="856" ind1="4" ind2=" ">
    <subfield code="s">560604</subfield>
    <subfield code="u">http://digitallibrary.un.org/record/716459/files/A_66_53_Add-1-ES.pdf</subfield>
    <subfield code="y">Español</subfield>
  </datafield>
  <datafield tag="856" ind1="4" ind2=" ">
    <subfield code="s">611374</subfield>
    <subfield code="u">http://digitallibrary.un.org/record/716459/files/A_66_53_Add-1-EN.pdf</subfield>
    <subfield code="y">English</subfield>
  </datafield>
  <datafield tag="856" ind1="4" ind2=" ">
    <subfield code="s">613174</subfield>
    <subfield code="u">http://digitallibrary.un.org/record/716459/files/A_66_53_Add-1-FR.pdf</subfield>
    <subfield code="y">Français</subfield>
  </datafield>
  <datafield tag="856" ind1="4" ind2=" ">
    <subfield code="s">716259</subfield>
    <subfield code="u">http://digitallibrary.un.org/record/716459/files/A_66_53_Add-1-ZH.pdf</subfield>
    <subfield code="y">中文</subfield>
  </datafield>
  <datafield tag="856" ind1="4" ind2=" ">
    <subfield code="s">904286</subfield>
    <subfield code="u">http://digitallibrary.un.org/record/716459/files/A_66_53_Add-1-AR.pdf</subfield>
    <subfield code="y">العربية</subfield>
  </datafield>
  <datafield tag="856" ind1="4" ind2=" ">
    <subfield code="s">971601</subfield>
    <subfield code="u">http://digitallibrary.un.org/record/716459/files/A_66_53_Add-1-RU.pdf</subfield>
    <subfield code="y">Русский</subfield>
  </datafield>
  <datafield tag="930" ind1=" " ind2=" ">
    <subfield code="a">UNDNO11</subfield>
  </datafield>
  <datafield tag="949" ind1=" " ind2=" ">
    <subfield code="9">A(01)/R3</subfield>
    <subfield code="b">1828699.4.1</subfield>
    <subfield code="i">1828699</subfield>
    <subfield code="k">unrs</subfield>
    <subfield code="c">c. 1</subfield>
    <subfield code="l">DHL</subfield>
    <subfield code="z">t</subfield>
    <subfield code="m">14day</subfield>
    <subfield code="d">20111227190000</subfield>
  </datafield>
  <datafield tag="949" ind1=" " ind2=" ">
    <subfield code="9">A(01)/R3</subfield>
    <subfield code="b">10000000961856</subfield>
    <subfield code="i">1822087</subfield>
    <subfield code="k">unes</subfield>
    <subfield code="c">c. 1</subfield>
    <subfield code="l">DHL</subfield>
    <subfield code="z">t</subfield>
    <subfield code="m">14day</subfield>
    <subfield code="d">20111124190000</subfield>
  </datafield>
  <datafield tag="949" ind1=" " ind2=" ">
    <subfield code="9">A(01)/R3</subfield>
    <subfield code="b">1828697.2.1</subfield>
    <subfield code="i">1828697</subfield>
    <subfield code="k">uncs</subfield>
    <subfield code="c">c. 1</subfield>
    <subfield code="l">DHL</subfield>
    <subfield code="z">t</subfield>
    <subfield code="m">14day</subfield>
    <subfield code="d">20111227190000</subfield>
  </datafield>
  <datafield tag="949" ind1=" " ind2=" ">
    <subfield code="9">A(01)/R3</subfield>
    <subfield code="b">1828698.3.1</subfield>
    <subfield code="i">1828698</subfield>
    <subfield code="k">unfs</subfield>
    <subfield code="c">c. 1</subfield>
    <subfield code="l">DHL</subfield>
    <subfield code="z">t</subfield>
    <subfield code="m">14day</subfield>
    <subfield code="d">20111227190000</subfield>
  </datafield>
  <datafield tag="949" ind1=" " ind2=" ">
    <subfield code="9">A(01)/R3</subfield>
    <subfield code="b">1828700.5.1</subfield>
    <subfield code="i">1828700</subfield>
    <subfield code="k">unss</subfield>
    <subfield code="c">c. 1</subfield>
    <subfield code="l">DHL</subfield>
    <subfield code="z">t</subfield>
    <subfield code="m">14day</subfield>
    <subfield code="d">20111227190000</subfield>
  </datafield>
  <datafield tag="949" ind1=" " ind2=" ">
    <subfield code="9">A(01)/R3</subfield>
    <subfield code="b">1828696.1.1</subfield>
    <subfield code="i">1828696</subfield>
    <subfield code="k">unas</subfield>
    <subfield code="c">c. 1</subfield>
    <subfield code="l">DHL</subfield>
    <subfield code="z">t</subfield>
    <subfield code="m">14day</subfield>
    <subfield code="d">20111227190000</subfield>
  </datafield>
  <datafield tag="989" ind1=" " ind2=" ">
    <subfield code="a">Documents and Publications</subfield>
    <subfield code="b">Reports</subfield>
    <subfield code="c">Annual and Sessional Reports</subfield>
  </datafield>
  <datafield tag="989" ind1=" " ind2=" ">
    <subfield code="a">Documents and Publications</subfield>
    <subfield code="b">Draft Resolutions and Decisions</subfield>
  </datafield>
  <datafield tag="991" ind1="1" ind2=" ">
    <subfield code="a">A/66/251</subfield>
    <subfield code="b">64</subfield>
    <subfield code="c">Report of the Human Rights Council.</subfield>
    <subfield code="d">UN. HUMAN RIGHTS COUNCIL--REPORTS</subfield>
    <subfield code="z">I</subfield>
    <subfield code="0">(DHLAUTH)796226</subfield>
  </datafield>
  <datafield tag="998" ind1=" " ind2=" ">
    <subfield code="a">20111125085100</subfield>
    <subfield code="b">mlcat</subfield>
    <subfield code="c">20170411071800</subfield>
    <subfield code="d">shkcat</subfield>
    <subfield code="z">20171107173044</subfield>
  </datafield>
  <datafield tag="999" ind1=" " ind2=" ">
    <subfield code="a">shku20170411</subfield>
    <subfield code="b">20170411</subfield>
    <subfield code="c">u</subfield>
  </datafield>
  <datafield tag="999" ind1=" " ind2=" ">
    <subfield code="a">jmc20111201</subfield>
    <subfield code="b">20111201</subfield>
    <subfield code="c">c</subfield>
  </datafield>
  <datafield tag="999" ind1=" " ind2=" ">
    <subfield code="a">slr20111202</subfield>
    <subfield code="b">20111202</subfield>
    <subfield code="c">r</subfield>
  </datafield>
  <datafield tag="999" ind1=" " ind2=" ">
    <subfield code="a">mleq20111125</subfield>
    <subfield code="b">20111125</subfield>
    <subfield code="c">q</subfield>
  </datafield>
  <datafield tag="999" ind1=" " ind2=" ">
    <subfield code="a">vwt20111202</subfield>
    <subfield code="b">20111202</subfield>
    <subfield code="c">t</subfield>
  </datafield>
  <datafield tag="999" ind1=" " ind2=" ">
    <subfield code="a">vwu20111228</subfield>
    <subfield code="b">20111228</subfield>
    <subfield code="c">u</subfield>
  </datafield>
  <datafield tag="999" ind1=" " ind2=" ">
    <subfield code="a">mlei20111228</subfield>
    <subfield code="b">20111228</subfield>
    <subfield code="c">i</subfield>
  </datafield>
  <datafield tag="999" ind1=" " ind2=" ">
    <subfield code="a">vwu20130121</subfield>
    <subfield code="b">20130121</subfield>
    <subfield code="c">u</subfield>
  </datafield>
</record>