

    
    <record>
        <controlfield tag="001">712067</controlfield>
        <controlfield tag="000">00000nam\\2200025#a\4500</controlfield>
        <controlfield tag="005">20170412204526.0</controlfield>
        <controlfield tag="008">111006s2011\\\\usa\\\\#r\\\\\|||1|\eng\d</controlfield>
        <datafield tag="029" ind1=" " ind2=" ">
            <subfield code="a">JN</subfield>
            <subfield code="b">N1143511 E</subfield>
        </datafield>
        <datafield tag="035" ind1=" " ind2=" ">
            <subfield code="a">D0382884</subfield>
        </datafield>
        <datafield tag="035" ind1=" " ind2=" ">
            <subfield code="a">(DHL)956753</subfield>
        </datafield>
        <datafield tag="039" ind1=" " ind2=" ">
            <subfield code="a">DHU</subfield>
        </datafield>
        <datafield tag="040" ind1=" " ind2=" ">
            <subfield code="a">NNUN</subfield>
            <subfield code="b">eng</subfield>
        </datafield>
        <datafield tag="041" ind1=" " ind2=" ">
            <subfield code="a">arachiengfrerusspa</subfield>
        </datafield>
        <datafield tag="049" ind1=" " ind2=" ">
            <subfield code="a">usa</subfield>
        </datafield>
        <datafield tag="089" ind1=" " ind2=" ">
            <subfield code="b">B03</subfield>
        </datafield>
        <datafield tag="091" ind1=" " ind2=" ">
            <subfield code="a">GEN</subfield>
        </datafield>
        <datafield tag="099" ind1=" " ind2=" ">
            <subfield code="a">UNH</subfield>
            <subfield code="b">DHU</subfield>
            <subfield code="c">A(01)/R3</subfield>
            <subfield code="q">A01R3</subfield>
        </datafield>
        <datafield tag="191" ind1=" " ind2=" ">
            <subfield code="0">1221254</subfield>
            <subfield code="9">G88</subfield>
            <subfield code="a">A/65/PV.116</subfield>
            <subfield code="b">A/</subfield>
            <subfield code="c">65</subfield>
            <subfield code="q">A65PV116</subfield>
            <subfield code="r">A65</subfield>
        </datafield>
        <datafield tag="245" ind1="1" ind2="0">
            <subfield code="a">General Assembly official records, 65th session :</subfield>
            <subfield code="b">116th plenary meeting, Thursday, 28 July 2011, New York</subfield>
        </datafield>
        <datafield tag="260" ind1=" " ind2=" ">
            <subfield code="a">[New York] :</subfield>
            <subfield code="b">UN,</subfield>
            <subfield code="c">[2011]</subfield>
        </datafield>
        <datafield tag="269" ind1=" " ind2=" ">
            <subfield code="a">2011</subfield>
        </datafield>
        <datafield tag="300" ind1=" " ind2=" ">
            <subfield code="a">30 p.</subfield>
        </datafield>
        <datafield tag="495" ind1=" " ind2=" ">
            <subfield code="a">GAOR, 65th sess., Meeting records</subfield>
        </datafield>
        <datafield tag="610" ind1="2" ind2="7">
            <subfield code="0">869660</subfield>
            <subfield code="2">unbisn</subfield>
            <subfield code="a">UN. Conference on Disarmament</subfield>
        </datafield>
        <datafield tag="650" ind1="1" ind2="7">
            <subfield code="0">1284495</subfield>
            <subfield code="2">unbist</subfield>
            <subfield code="a">YOUTH POLICY</subfield>
        </datafield>
        <datafield tag="650" ind1="1" ind2="7">
            <subfield code="0">1281289</subfield>
            <subfield code="2">unbist</subfield>
            <subfield code="a">YOUTH</subfield>
        </datafield>
        <datafield tag="650" ind1="1" ind2="7">
            <subfield code="0">1282949</subfield>
            <subfield code="2">unbist</subfield>
            <subfield code="a">DISARMAMENT NEGOTIATIONS</subfield>
        </datafield>
        <datafield tag="650" ind1="1" ind2="7">
            <subfield code="0">1277989</subfield>
            <subfield code="2">unbist</subfield>
            <subfield code="a">DISARMAMENT</subfield>
        </datafield>
        <datafield tag="650" ind1="1" ind2="7">
            <subfield code="0">1282820</subfield>
            <subfield code="2">unbist</subfield>
            <subfield code="a">DISARMAMENT AGREEMENTS</subfield>
        </datafield>
        <datafield tag="793" ind1=" " ind2=" ">
            <subfield code="a">PL</subfield>
        </datafield>
        <datafield tag="856" ind1="4" ind2=" ">
            <subfield code="s">423590</subfield>
            <subfield code="u">http://digitallibrary.un.org/record/712067/files/A_65_PV.116-AR.pdf</subfield>
            <subfield code="y">العربية</subfield>
        </datafield>
        <datafield tag="856" ind1="4" ind2=" ">
            <subfield code="s">373927</subfield>
            <subfield code="u">http://digitallibrary.un.org/record/712067/files/A_65_PV.116-ZH.pdf</subfield>
            <subfield code="y">中文</subfield>
        </datafield>
        <datafield tag="856" ind1="4" ind2=" ">
            <subfield code="s">211477</subfield>
            <subfield code="u">http://digitallibrary.un.org/record/712067/files/A_65_PV.116-EN.pdf</subfield>
            <subfield code="y">English</subfield>
        </datafield>
        <datafield tag="856" ind1="4" ind2=" ">
            <subfield code="s">242860</subfield>
            <subfield code="u">http://digitallibrary.un.org/record/712067/files/A_65_PV.116-FR.pdf</subfield>
            <subfield code="y">Français</subfield>
        </datafield>
        <datafield tag="856" ind1="4" ind2=" ">
            <subfield code="s">632319</subfield>
            <subfield code="u">http://digitallibrary.un.org/record/712067/files/A_65_PV.116-RU.pdf</subfield>
            <subfield code="y">Русский</subfield>
        </datafield>
        <datafield tag="856" ind1="4" ind2=" ">
            <subfield code="s">301336</subfield>
            <subfield code="u">http://digitallibrary.un.org/record/712067/files/A_65_PV.116-ES.pdf</subfield>
            <subfield code="y">Español</subfield>
        </datafield>
        <datafield tag="930" ind1=" " ind2=" ">
            <subfield code="a">UNDOC11</subfield>
        </datafield>
        <datafield tag="949" ind1=" " ind2=" ">
            <subfield code="9">A(01)/R3</subfield>
            <subfield code="b">1808544.3.1</subfield>
            <subfield code="c">c. 1</subfield>
            <subfield code="d">20111005200000</subfield>
            <subfield code="i">1808544</subfield>
            <subfield code="k">uncs</subfield>
            <subfield code="l">DHL</subfield>
            <subfield code="m">14day</subfield>
            <subfield code="z">t</subfield>
        </datafield>
        <datafield tag="949" ind1=" " ind2=" ">
            <subfield code="9">A(01)/R3</subfield>
            <subfield code="b">10000000956753</subfield>
            <subfield code="c">c. 1</subfield>
            <subfield code="d">20111005200000</subfield>
            <subfield code="i">1808535</subfield>
            <subfield code="k">unes</subfield>
            <subfield code="l">DHL</subfield>
            <subfield code="m">14day</subfield>
            <subfield code="z">t</subfield>
        </datafield>
        <datafield tag="949" ind1=" " ind2=" ">
            <subfield code="9">A(01)/R3</subfield>
            <subfield code="b">1808545.4.1</subfield>
            <subfield code="c">c. 1</subfield>
            <subfield code="d">20111005200000</subfield>
            <subfield code="i">1808545</subfield>
            <subfield code="k">unrs</subfield>
            <subfield code="l">DHL</subfield>
            <subfield code="m">14day</subfield>
            <subfield code="z">t</subfield>
        </datafield>
        <datafield tag="949" ind1=" " ind2=" ">
            <subfield code="9">A(01)/R3</subfield>
            <subfield code="b">1808543.2.1</subfield>
            <subfield code="c">c. 1</subfield>
            <subfield code="d">20111005200000</subfield>
            <subfield code="i">1808543</subfield>
            <subfield code="k">unfs</subfield>
            <subfield code="l">DHL</subfield>
            <subfield code="m">14day</subfield>
            <subfield code="z">t</subfield>
        </datafield>
        <datafield tag="949" ind1=" " ind2=" ">
            <subfield code="9">A(01)/R3</subfield>
            <subfield code="b">1808542.1.1</subfield>
            <subfield code="c">c. 1</subfield>
            <subfield code="d">20111005200000</subfield>
            <subfield code="i">1808542</subfield>
            <subfield code="k">unas</subfield>
            <subfield code="l">DHL</subfield>
            <subfield code="m">14day</subfield>
            <subfield code="z">t</subfield>
        </datafield>
        <datafield tag="949" ind1=" " ind2=" ">
            <subfield code="9">A(01)/R3</subfield>
            <subfield code="b">1808546.5.1</subfield>
            <subfield code="c">c. 1</subfield>
            <subfield code="d">20111005200000</subfield>
            <subfield code="i">1808546</subfield>
            <subfield code="k">unss</subfield>
            <subfield code="l">DHL</subfield>
            <subfield code="m">14day</subfield>
            <subfield code="z">t</subfield>
        </datafield>
        <datafield tag="980" ind1=" " ind2=" ">
            <subfield code="a">BIB</subfield>
        </datafield>
        <datafield tag="989" ind1=" " ind2=" ">
            <subfield code="a">Documents and Publications</subfield>
            <subfield code="b">Meeting Records</subfield>
            <subfield code="c">Verbatim Records</subfield>
        </datafield>
        <datafield tag="991" ind1="1" ind2=" ">
            <subfield code="0">1222005</subfield>
            <subfield code="a">A/65/251</subfield>
            <subfield code="b">115</subfield>
            <subfield code="c">Follow-up to the outcome of the Millennium Summit.</subfield>
            <subfield code="d">MILLENNIUM SUMMIT (2000 : NEW YORK)--FOLLOW-UP</subfield>
            <subfield code="e">At the 116th meeting, draft decision A/65/L.88 was adopted without vote: decision 65/549</subfield>
            <subfield code="z">I</subfield>
        </datafield>
        <datafield tag="991" ind1="1" ind2=" ">
            <subfield code="0">1221375</subfield>
            <subfield code="a">A/65/251</subfield>
            <subfield code="b">27b</subfield>
            <subfield code="c">Social development, including questions relating to the world social situation and to youth, ageing, disabled persons and the family.</subfield>
            <subfield code="d">SOCIAL SITUATION</subfield>
        </datafield>
        <datafield tag="991" ind1="1" ind2=" ">
            <subfield code="0">1227300</subfield>
            <subfield code="a">A/65/251</subfield>
            <subfield code="b">27b[4]</subfield>
            <subfield code="d">YOUTH</subfield>
            <subfield code="z">I</subfield>
        </datafield>
        <datafield tag="991" ind1="1" ind2=" ">
            <subfield code="0">1227624</subfield>
            <subfield code="a">A/65/251</subfield>
            <subfield code="b">162</subfield>
            <subfield code="c">Follow-up to the high-level meeting held on 24 September 2010 : revitalizing the work of the Conference on Disarmament and taking forward multilateral disarmament negotiations.</subfield>
            <subfield code="d">UN. CONFERENCE ON DISARMAMENT</subfield>
            <subfield code="z">I</subfield>
        </datafield>
        <datafield tag="992" ind1=" " ind2=" ">
            <subfield code="a">20110728</subfield>
        </datafield>
        <datafield tag="998" ind1=" " ind2=" ">
            <subfield code="a">20111006051700</subfield>
            <subfield code="b">mnser</subfield>
            <subfield code="c">20130909064200</subfield>
            <subfield code="d">vwcat2</subfield>
        </datafield>
        <datafield tag="999" ind1=" " ind2=" ">
            <subfield code="a">kakc20111006</subfield>
            <subfield code="b">20111006</subfield>
            <subfield code="c">c</subfield>
        </datafield>
        <datafield tag="999" ind1=" " ind2=" ">
            <subfield code="a">slr20111006</subfield>
            <subfield code="b">20111006</subfield>
            <subfield code="c">r</subfield>
        </datafield>
        <datafield tag="999" ind1=" " ind2=" ">
            <subfield code="a">monq20111006</subfield>
            <subfield code="b">20111006</subfield>
            <subfield code="c">q</subfield>
        </datafield>
        <datafield tag="999" ind1=" " ind2=" ">
            <subfield code="a">vwt20111007</subfield>
            <subfield code="b">20111007</subfield>
            <subfield code="c">t</subfield>
        </datafield>
    </record>