

    
    <record>
        <controlfield tag="001">711958</controlfield>
        <controlfield tag="000">00000nam\\2200025#a\4500</controlfield>
        <controlfield tag="005">20170412204154.0</controlfield>
        <controlfield tag="008">111005s2011\\\\usa\\\\#r\\\\\|||1|\eng\d</controlfield>
        <datafield tag="029" ind1=" " ind2=" ">
            <subfield code="a">JN</subfield>
            <subfield code="b">N1143253 E</subfield>
        </datafield>
        <datafield tag="035" ind1=" " ind2=" ">
            <subfield code="a">D0382846</subfield>
        </datafield>
        <datafield tag="035" ind1=" " ind2=" ">
            <subfield code="a">(DHL)956608</subfield>
        </datafield>
        <datafield tag="039" ind1=" " ind2=" ">
            <subfield code="a">DHU</subfield>
        </datafield>
        <datafield tag="040" ind1=" " ind2=" ">
            <subfield code="a">NNUN</subfield>
            <subfield code="b">eng</subfield>
        </datafield>
        <datafield tag="041" ind1=" " ind2=" ">
            <subfield code="a">arachiengfrerusspa</subfield>
        </datafield>
        <datafield tag="049" ind1=" " ind2=" ">
            <subfield code="a">usa</subfield>
        </datafield>
        <datafield tag="089" ind1=" " ind2=" ">
            <subfield code="b">B03</subfield>
        </datafield>
        <datafield tag="091" ind1=" " ind2=" ">
            <subfield code="a">GEN</subfield>
        </datafield>
        <datafield tag="099" ind1=" " ind2=" ">
            <subfield code="a">UNH</subfield>
            <subfield code="b">DHU</subfield>
            <subfield code="c">A(01)/R3</subfield>
            <subfield code="q">A01R3</subfield>
        </datafield>
        <datafield tag="191" ind1=" " ind2=" ">
            <subfield code="0">1221254</subfield>
            <subfield code="9">G88</subfield>
            <subfield code="a">A/65/PV.114</subfield>
            <subfield code="b">A/</subfield>
            <subfield code="c">65</subfield>
            <subfield code="q">A65PV114</subfield>
            <subfield code="r">A65</subfield>
        </datafield>
        <datafield tag="245" ind1="1" ind2="0">
            <subfield code="a">General Assembly official records, 65th session :</subfield>
            <subfield code="b">114th plenary meeting, Wednesday, 27 July 2011, New York</subfield>
        </datafield>
        <datafield tag="260" ind1=" " ind2=" ">
            <subfield code="a">[New York] :</subfield>
            <subfield code="b">UN,</subfield>
            <subfield code="c">[2011]</subfield>
        </datafield>
        <datafield tag="269" ind1=" " ind2=" ">
            <subfield code="a">2011</subfield>
        </datafield>
        <datafield tag="300" ind1=" " ind2=" ">
            <subfield code="a">28 p.</subfield>
        </datafield>
        <datafield tag="495" ind1=" " ind2=" ">
            <subfield code="a">GAOR, 65th sess., Meeting records</subfield>
        </datafield>
        <datafield tag="650" ind1="1" ind2="7">
            <subfield code="0">1284603</subfield>
            <subfield code="2">unbist</subfield>
            <subfield code="a">RIGHT TO DRINKING WATER</subfield>
        </datafield>
        <datafield tag="650" ind1="1" ind2="7">
            <subfield code="0">1280359</subfield>
            <subfield code="2">unbist</subfield>
            <subfield code="a">SANITATION</subfield>
        </datafield>
        <datafield tag="793" ind1=" " ind2=" ">
            <subfield code="a">PL</subfield>
        </datafield>
        <datafield tag="856" ind1="4" ind2=" ">
            <subfield code="s">444086</subfield>
            <subfield code="u">http://digitallibrary.un.org/record/711958/files/A_65_PV.114-AR.pdf</subfield>
            <subfield code="y">العربية</subfield>
        </datafield>
        <datafield tag="856" ind1="4" ind2=" ">
            <subfield code="s">560215</subfield>
            <subfield code="u">http://digitallibrary.un.org/record/711958/files/A_65_PV.114-ZH.pdf</subfield>
            <subfield code="y">中文</subfield>
        </datafield>
        <datafield tag="856" ind1="4" ind2=" ">
            <subfield code="s">161992</subfield>
            <subfield code="u">http://digitallibrary.un.org/record/711958/files/A_65_PV.114-EN.pdf</subfield>
            <subfield code="y">English</subfield>
        </datafield>
        <datafield tag="856" ind1="4" ind2=" ">
            <subfield code="s">283329</subfield>
            <subfield code="u">http://digitallibrary.un.org/record/711958/files/A_65_PV.114-FR.pdf</subfield>
            <subfield code="y">Français</subfield>
        </datafield>
        <datafield tag="856" ind1="4" ind2=" ">
            <subfield code="s">623412</subfield>
            <subfield code="u">http://digitallibrary.un.org/record/711958/files/A_65_PV.114-RU.pdf</subfield>
            <subfield code="y">Русский</subfield>
        </datafield>
        <datafield tag="856" ind1="4" ind2=" ">
            <subfield code="s">282893</subfield>
            <subfield code="u">http://digitallibrary.un.org/record/711958/files/A_65_PV.114-ES.pdf</subfield>
            <subfield code="y">Español</subfield>
        </datafield>
        <datafield tag="930" ind1=" " ind2=" ">
            <subfield code="a">UNDOC11</subfield>
        </datafield>
        <datafield tag="949" ind1=" " ind2=" ">
            <subfield code="9">A(01)/R3</subfield>
            <subfield code="b">1808012.4.1</subfield>
            <subfield code="c">c. 1</subfield>
            <subfield code="d">20111004200000</subfield>
            <subfield code="i">1808012</subfield>
            <subfield code="k">unss</subfield>
            <subfield code="l">DHL</subfield>
            <subfield code="m">14day</subfield>
            <subfield code="z">t</subfield>
        </datafield>
        <datafield tag="949" ind1=" " ind2=" ">
            <subfield code="9">A(01)/R3</subfield>
            <subfield code="b">10000000956608</subfield>
            <subfield code="c">c. 1</subfield>
            <subfield code="d">20111004200000</subfield>
            <subfield code="i">1808008</subfield>
            <subfield code="k">unes</subfield>
            <subfield code="l">DHL</subfield>
            <subfield code="m">14day</subfield>
            <subfield code="z">t</subfield>
        </datafield>
        <datafield tag="949" ind1=" " ind2=" ">
            <subfield code="9">A(01)/R3</subfield>
            <subfield code="b">1808013.5.1</subfield>
            <subfield code="c">c. 1</subfield>
            <subfield code="d">20111004200000</subfield>
            <subfield code="i">1808013</subfield>
            <subfield code="k">unrs</subfield>
            <subfield code="l">DHL</subfield>
            <subfield code="m">14day</subfield>
            <subfield code="z">t</subfield>
        </datafield>
        <datafield tag="949" ind1=" " ind2=" ">
            <subfield code="9">A(01)/R3</subfield>
            <subfield code="b">1808011.3.1</subfield>
            <subfield code="c">c. 1</subfield>
            <subfield code="d">20111004200000</subfield>
            <subfield code="i">1808011</subfield>
            <subfield code="k">unfs</subfield>
            <subfield code="l">DHL</subfield>
            <subfield code="m">14day</subfield>
            <subfield code="z">t</subfield>
        </datafield>
        <datafield tag="949" ind1=" " ind2=" ">
            <subfield code="9">A(01)/R3</subfield>
            <subfield code="b">1808009.1.1</subfield>
            <subfield code="c">c. 1</subfield>
            <subfield code="d">20111004200000</subfield>
            <subfield code="i">1808009</subfield>
            <subfield code="k">unas</subfield>
            <subfield code="l">DHL</subfield>
            <subfield code="m">14day</subfield>
            <subfield code="z">t</subfield>
        </datafield>
        <datafield tag="949" ind1=" " ind2=" ">
            <subfield code="9">A(01)/R3</subfield>
            <subfield code="b">1808010.2.1</subfield>
            <subfield code="c">c. 1</subfield>
            <subfield code="d">20111004200000</subfield>
            <subfield code="i">1808010</subfield>
            <subfield code="k">uncs</subfield>
            <subfield code="l">DHL</subfield>
            <subfield code="m">14day</subfield>
            <subfield code="z">t</subfield>
        </datafield>
        <datafield tag="980" ind1=" " ind2=" ">
            <subfield code="a">BIB</subfield>
        </datafield>
        <datafield tag="989" ind1=" " ind2=" ">
            <subfield code="a">Documents and Publications</subfield>
            <subfield code="b">Meeting Records</subfield>
            <subfield code="c">Verbatim Records</subfield>
        </datafield>
        <datafield tag="991" ind1="1" ind2=" ">
            <subfield code="0">1221291</subfield>
            <subfield code="a">A/65/251</subfield>
            <subfield code="b">13</subfield>
            <subfield code="c">Integrated and coordinated implementation of and follow-up to the outcomes of the major United Nations conferences and summits in the economic, social and related fields.</subfield>
            <subfield code="d">UN CONFERENCES--FOLLOW-UP</subfield>
            <subfield code="z">I</subfield>
        </datafield>
        <datafield tag="991" ind1="1" ind2=" ">
            <subfield code="0">1227403</subfield>
            <subfield code="a">A/65/251</subfield>
            <subfield code="b">[305]</subfield>
            <subfield code="d">UN. GENERAL ASSEMBLY (65TH SESS. : 2010-2011)--SPECIAL STATEMENTS</subfield>
            <subfield code="z">I</subfield>
        </datafield>
        <datafield tag="991" ind1="1" ind2=" ">
            <subfield code="0">1221282</subfield>
            <subfield code="a">A/65/251</subfield>
            <subfield code="b">7</subfield>
            <subfield code="c">Organization of work, adoption of the agenda and allocation of items : reports of the General Committee.</subfield>
            <subfield code="d">UN. GENERAL ASSEMBLY (65TH SESS. : 2010-2011)--AGENDA</subfield>
            <subfield code="e">At the 114th meeting, the Assembly decided, without setting a precedent, to invite the UN Special Rapporteur on the Human Right to Safe Drinking Water and Sanitation to make a statement at that meeting: decision 65/503 B</subfield>
            <subfield code="z">I</subfield>
        </datafield>
        <datafield tag="992" ind1=" " ind2=" ">
            <subfield code="a">20110727</subfield>
        </datafield>
        <datafield tag="998" ind1=" " ind2=" ">
            <subfield code="a">20111005052400</subfield>
            <subfield code="b">mnser</subfield>
            <subfield code="c">20120213062100</subfield>
            <subfield code="d">vwcat2</subfield>
        </datafield>
        <datafield tag="999" ind1=" " ind2=" ">
            <subfield code="a">kakc20111005</subfield>
            <subfield code="b">20111005</subfield>
            <subfield code="c">c</subfield>
        </datafield>
        <datafield tag="999" ind1=" " ind2=" ">
            <subfield code="a">slr20111005</subfield>
            <subfield code="b">20111005</subfield>
            <subfield code="c">r</subfield>
        </datafield>
        <datafield tag="999" ind1=" " ind2=" ">
            <subfield code="a">monq20111005</subfield>
            <subfield code="b">20111005</subfield>
            <subfield code="c">q</subfield>
        </datafield>
        <datafield tag="999" ind1=" " ind2=" ">
            <subfield code="a">vwt20111006</subfield>
            <subfield code="b">20111006</subfield>
            <subfield code="c">t</subfield>
        </datafield>
        <datafield tag="999" ind1=" " ind2=" ">
            <subfield code="a">vwu20120213</subfield>
            <subfield code="b">20120213</subfield>
            <subfield code="c">u</subfield>
        </datafield>
    </record>