

    
    <record>
        <controlfield tag="001">710827</controlfield>
        <controlfield tag="000">00000nam\\2200025#a\4500</controlfield>
        <controlfield tag="005">20170412204504.0</controlfield>
        <controlfield tag="008">110919s2011\\\\usa\\\\#r\\\\\|||1|\eng\d</controlfield>
        <datafield tag="029" ind1=" " ind2=" ">
            <subfield code="a">JN</subfield>
            <subfield code="b">N1138319 E</subfield>
        </datafield>
        <datafield tag="035" ind1=" " ind2=" ">
            <subfield code="a">D0382411</subfield>
        </datafield>
        <datafield tag="035" ind1=" " ind2=" ">
            <subfield code="a">(DHL)955332</subfield>
        </datafield>
        <datafield tag="039" ind1=" " ind2=" ">
            <subfield code="a">DHU</subfield>
        </datafield>
        <datafield tag="040" ind1=" " ind2=" ">
            <subfield code="a">NNUN</subfield>
            <subfield code="b">eng</subfield>
        </datafield>
        <datafield tag="041" ind1=" " ind2=" ">
            <subfield code="a">arachiengfrerusspa</subfield>
        </datafield>
        <datafield tag="049" ind1=" " ind2=" ">
            <subfield code="a">usa</subfield>
        </datafield>
        <datafield tag="089" ind1=" " ind2=" ">
            <subfield code="b">B03</subfield>
        </datafield>
        <datafield tag="091" ind1=" " ind2=" ">
            <subfield code="a">GEN</subfield>
        </datafield>
        <datafield tag="099" ind1=" " ind2=" ">
            <subfield code="a">UNH</subfield>
            <subfield code="b">DHU</subfield>
            <subfield code="c">A(01)/R3</subfield>
            <subfield code="q">A01R3</subfield>
        </datafield>
        <datafield tag="191" ind1=" " ind2=" ">
            <subfield code="0">1221254</subfield>
            <subfield code="9">G88</subfield>
            <subfield code="a">A/65/PV.102</subfield>
            <subfield code="b">A/</subfield>
            <subfield code="c">65</subfield>
            <subfield code="q">A65PV102</subfield>
            <subfield code="r">A65</subfield>
        </datafield>
        <datafield tag="245" ind1="1" ind2="0">
            <subfield code="a">General Assembly official records, 65th session :</subfield>
            <subfield code="b">102nd plenary meeting, Wednesday, 22 June 2011, New York</subfield>
        </datafield>
        <datafield tag="260" ind1=" " ind2=" ">
            <subfield code="a">[New York] :</subfield>
            <subfield code="b">UN,</subfield>
            <subfield code="c">[2011]</subfield>
        </datafield>
        <datafield tag="269" ind1=" " ind2=" ">
            <subfield code="a">2011</subfield>
        </datafield>
        <datafield tag="300" ind1=" " ind2=" ">
            <subfield code="a">11 p.</subfield>
        </datafield>
        <datafield tag="495" ind1=" " ind2=" ">
            <subfield code="a">GAOR, 65th sess., Meeting records</subfield>
        </datafield>
        <datafield tag="610" ind1="2" ind2="7">
            <subfield code="0">1114119</subfield>
            <subfield code="2">unbisn</subfield>
            <subfield code="a">New Partnership for Africa's Development</subfield>
        </datafield>
        <datafield tag="610" ind1="0" ind2="4">
            <subfield code="0">944423</subfield>
            <subfield code="2">unbisn</subfield>
            <subfield code="a">UN. Committee on Conferences</subfield>
            <subfield code="g">Members</subfield>
        </datafield>
        <datafield tag="650" ind1="1" ind2="7">
            <subfield code="0">1277951</subfield>
            <subfield code="2">unbist</subfield>
            <subfield code="a">MEDIATION</subfield>
        </datafield>
        <datafield tag="650" ind1="1" ind2="7">
            <subfield code="0">1277947</subfield>
            <subfield code="2">unbist</subfield>
            <subfield code="a">DISPUTE SETTLEMENT</subfield>
        </datafield>
        <datafield tag="650" ind1="1" ind2="7">
            <subfield code="0">1283083</subfield>
            <subfield code="2">unbist</subfield>
            <subfield code="a">WAR PREVENTION</subfield>
        </datafield>
        <datafield tag="650" ind1="1" ind2="7">
            <subfield code="0">1278205</subfield>
            <subfield code="2">unbist</subfield>
            <subfield code="a">PARTNERSHIP</subfield>
        </datafield>
        <datafield tag="650" ind1="1" ind2="7">
            <subfield code="0">1278574</subfield>
            <subfield code="2">unbist</subfield>
            <subfield code="a">DEVELOPMENT ASSISTANCE</subfield>
        </datafield>
        <datafield tag="650" ind1="2" ind2="7">
            <subfield code="0">1283250</subfield>
            <subfield code="2">unbist</subfield>
            <subfield code="a">APPOINTMENT OF MEMBERS</subfield>
        </datafield>
        <datafield tag="651" ind1="1" ind2="7">
            <subfield code="0">1282072</subfield>
            <subfield code="2">unbist</subfield>
            <subfield code="a">AFRICA</subfield>
        </datafield>
        <datafield tag="651" ind1="1" ind2="7">
            <subfield code="0">1284048</subfield>
            <subfield code="2">unbist</subfield>
            <subfield code="a">REPUBLIC OF MOLDOVA</subfield>
        </datafield>
        <datafield tag="793" ind1=" " ind2=" ">
            <subfield code="a">PL</subfield>
        </datafield>
        <datafield tag="856" ind1="4" ind2=" ">
            <subfield code="s">207290</subfield>
            <subfield code="u">http://digitallibrary.un.org/record/710827/files/A_65_PV.102-AR.pdf</subfield>
            <subfield code="y">العربية</subfield>
        </datafield>
        <datafield tag="856" ind1="4" ind2=" ">
            <subfield code="s">363787</subfield>
            <subfield code="u">http://digitallibrary.un.org/record/710827/files/A_65_PV.102-ZH.pdf</subfield>
            <subfield code="y">中文</subfield>
        </datafield>
        <datafield tag="856" ind1="4" ind2=" ">
            <subfield code="s">78218</subfield>
            <subfield code="u">http://digitallibrary.un.org/record/710827/files/A_65_PV.102-EN.pdf</subfield>
            <subfield code="y">English</subfield>
        </datafield>
        <datafield tag="856" ind1="4" ind2=" ">
            <subfield code="s">99655</subfield>
            <subfield code="u">http://digitallibrary.un.org/record/710827/files/A_65_PV.102-FR.pdf</subfield>
            <subfield code="y">Français</subfield>
        </datafield>
        <datafield tag="856" ind1="4" ind2=" ">
            <subfield code="s">325183</subfield>
            <subfield code="u">http://digitallibrary.un.org/record/710827/files/A_65_PV.102-RU.pdf</subfield>
            <subfield code="y">Русский</subfield>
        </datafield>
        <datafield tag="856" ind1="4" ind2=" ">
            <subfield code="s">173109</subfield>
            <subfield code="u">http://digitallibrary.un.org/record/710827/files/A_65_PV.102-ES.pdf</subfield>
            <subfield code="y">Español</subfield>
        </datafield>
        <datafield tag="930" ind1=" " ind2=" ">
            <subfield code="a">UNDSE11</subfield>
        </datafield>
        <datafield tag="949" ind1=" " ind2=" ">
            <subfield code="9">A(01)/R3</subfield>
            <subfield code="b">1802671.5.1</subfield>
            <subfield code="c">c. 1</subfield>
            <subfield code="d">20110918200000</subfield>
            <subfield code="i">1802671</subfield>
            <subfield code="k">unss</subfield>
            <subfield code="l">DHL</subfield>
            <subfield code="m">14day</subfield>
            <subfield code="z">t</subfield>
        </datafield>
        <datafield tag="949" ind1=" " ind2=" ">
            <subfield code="9">A(01)/R3</subfield>
            <subfield code="b">1802670.4.1</subfield>
            <subfield code="c">c. 1</subfield>
            <subfield code="d">20110918200000</subfield>
            <subfield code="i">1802670</subfield>
            <subfield code="k">unrs</subfield>
            <subfield code="l">DHL</subfield>
            <subfield code="m">14day</subfield>
            <subfield code="z">t</subfield>
        </datafield>
        <datafield tag="949" ind1=" " ind2=" ">
            <subfield code="9">A(01)/R3</subfield>
            <subfield code="b">10000000955332</subfield>
            <subfield code="c">c. 1</subfield>
            <subfield code="d">20110918200000</subfield>
            <subfield code="i">1802666</subfield>
            <subfield code="k">unes</subfield>
            <subfield code="l">DHL</subfield>
            <subfield code="m">14day</subfield>
            <subfield code="z">t</subfield>
        </datafield>
        <datafield tag="949" ind1=" " ind2=" ">
            <subfield code="9">A(01)/R3</subfield>
            <subfield code="b">1802669.3.1</subfield>
            <subfield code="c">c. 1</subfield>
            <subfield code="d">20110918200000</subfield>
            <subfield code="i">1802669</subfield>
            <subfield code="k">unfs</subfield>
            <subfield code="l">DHL</subfield>
            <subfield code="m">14day</subfield>
            <subfield code="z">t</subfield>
        </datafield>
        <datafield tag="949" ind1=" " ind2=" ">
            <subfield code="9">A(01)/R3</subfield>
            <subfield code="b">1802667.1.1</subfield>
            <subfield code="c">c. 1</subfield>
            <subfield code="d">20110918200000</subfield>
            <subfield code="i">1802667</subfield>
            <subfield code="k">unas</subfield>
            <subfield code="l">DHL</subfield>
            <subfield code="m">14day</subfield>
            <subfield code="z">t</subfield>
        </datafield>
        <datafield tag="949" ind1=" " ind2=" ">
            <subfield code="9">A(01)/R3</subfield>
            <subfield code="b">1802668.2.1</subfield>
            <subfield code="c">c. 1</subfield>
            <subfield code="d">20110918200000</subfield>
            <subfield code="i">1802668</subfield>
            <subfield code="k">uncs</subfield>
            <subfield code="l">DHL</subfield>
            <subfield code="m">14day</subfield>
            <subfield code="z">t</subfield>
        </datafield>
        <datafield tag="980" ind1=" " ind2=" ">
            <subfield code="a">BIB</subfield>
        </datafield>
        <datafield tag="989" ind1=" " ind2=" ">
            <subfield code="a">Documents and Publications</subfield>
            <subfield code="b">Meeting Records</subfield>
            <subfield code="c">Verbatim Records</subfield>
        </datafield>
        <datafield tag="991" ind1="1" ind2=" ">
            <subfield code="0">1221394</subfield>
            <subfield code="a">A/65/251</subfield>
            <subfield code="b">33</subfield>
            <subfield code="c">Prevention of armed conflict.</subfield>
            <subfield code="d">ARMED CONFLICTS PREVENTION</subfield>
            <subfield code="e">At the 102nd meeting, draft resolution A/65/L.79 was adopted without vote: resolution 65/283</subfield>
            <subfield code="z">I</subfield>
        </datafield>
        <datafield tag="991" ind1="1" ind2=" ">
            <subfield code="0">1221452</subfield>
            <subfield code="a">A/65/251</subfield>
            <subfield code="b">62a</subfield>
            <subfield code="c">New Partnership for Africa's Development : progress in implementation and international support.</subfield>
            <subfield code="d">AFRICA--SUSTAINABLE DEVELOPMENT--PARTNERSHIP</subfield>
            <subfield code="e">At the 102nd meeting, draft resolution A/65/L.69/Rev.1, as orally amended, was adopted without vote: resolution 65/284</subfield>
            <subfield code="z">I</subfield>
        </datafield>
        <datafield tag="991" ind1="1" ind2=" ">
            <subfield code="0">1221998</subfield>
            <subfield code="a">A/65/251</subfield>
            <subfield code="b">113f</subfield>
            <subfield code="c">Appointment of members of the Committee on Conferences.</subfield>
            <subfield code="d">UN. COMMITTEE ON CONFERENCES--MEMBERS</subfield>
            <subfield code="e">At the 102nd meeting, the Assembly took note of the appointment of the Republic of Moldova as a member of the Committee on Conferences for a period beginning 22 June 2011 and ending on 31 Dec. 2012: decision 65/405 B</subfield>
            <subfield code="z">I</subfield>
        </datafield>
        <datafield tag="992" ind1=" " ind2=" ">
            <subfield code="a">20110622</subfield>
        </datafield>
        <datafield tag="998" ind1=" " ind2=" ">
            <subfield code="a">20110919052900</subfield>
            <subfield code="b">kroy</subfield>
            <subfield code="c">20120213054300</subfield>
            <subfield code="d">vwcat2</subfield>
        </datafield>
        <datafield tag="999" ind1=" " ind2=" ">
            <subfield code="a">krq20110 919</subfield>
            <subfield code="b">20110919</subfield>
            <subfield code="c">q</subfield>
        </datafield>
        <datafield tag="999" ind1=" " ind2=" ">
            <subfield code="a">mhc20110919</subfield>
            <subfield code="b">20110919</subfield>
            <subfield code="c">c</subfield>
        </datafield>
        <datafield tag="999" ind1=" " ind2=" ">
            <subfield code="a">slr20110919</subfield>
            <subfield code="b">20110919</subfield>
            <subfield code="c">r</subfield>
        </datafield>
        <datafield tag="999" ind1=" " ind2=" ">
            <subfield code="a">vwt20110921</subfield>
            <subfield code="b">20110921</subfield>
            <subfield code="c">t</subfield>
        </datafield>
        <datafield tag="999" ind1=" " ind2=" ">
            <subfield code="a">vwu20120213</subfield>
            <subfield code="b">20120213</subfield>
            <subfield code="c">u</subfield>
        </datafield>
    </record>