

    
<record>
  <controlfield tag="000">00000nam  2200025#a 450</controlfield>
  <controlfield tag="001">710131</controlfield>
  <controlfield tag="005">20171006011212.0</controlfield>
  <controlfield tag="008">110907s2011    usa    #r     |||1| eng d</controlfield>
  <datafield tag="022" ind1=" " ind2=" ">
    <subfield code="a">1020-3559</subfield>
  </datafield>
  <datafield tag="029" ind1=" " ind2=" ">
    <subfield code="a">JN</subfield>
    <subfield code="b">N1135969 E</subfield>
  </datafield>
  <datafield tag="035" ind1=" " ind2=" ">
    <subfield code="a">D0382151</subfield>
  </datafield>
  <datafield tag="035" ind1=" " ind2=" ">
    <subfield code="a">(DHL)954553</subfield>
  </datafield>
  <datafield tag="039" ind1=" " ind2=" ">
    <subfield code="a">DHU</subfield>
  </datafield>
  <datafield tag="040" ind1=" " ind2=" ">
    <subfield code="a">NNUN</subfield>
    <subfield code="b">eng</subfield>
  </datafield>
  <datafield tag="041" ind1="0" ind2=" ">
    <subfield code="a">arachiengfrerusspa</subfield>
  </datafield>
  <datafield tag="049" ind1=" " ind2=" ">
    <subfield code="a">usa</subfield>
  </datafield>
  <datafield tag="089" ind1=" " ind2=" ">
    <subfield code="b">B04</subfield>
  </datafield>
  <datafield tag="089" ind1=" " ind2=" ">
    <subfield code="b">B02</subfield>
  </datafield>
  <datafield tag="091" ind1=" " ind2=" ">
    <subfield code="a">GEN</subfield>
  </datafield>
  <datafield tag="099" ind1=" " ind2=" ">
    <subfield code="a">UNH</subfield>
    <subfield code="b">DHU</subfield>
    <subfield code="c">E(01)/R3</subfield>
    <subfield code="q">E01R3</subfield>
  </datafield>
  <datafield tag="191" ind1=" " ind2=" ">
    <subfield code="a">E/2011/29</subfield>
    <subfield code="b">E/</subfield>
    <subfield code="c">2011-S</subfield>
    <subfield code="9">C00</subfield>
    <subfield code="q">E201129</subfield>
    <subfield code="r">E2011S</subfield>
    <subfield code="0">(DHLAUTH)792541</subfield>
  </datafield>
  <datafield tag="191" ind1=" " ind2=" ">
    <subfield code="a">E/CN.17/2011/20</subfield>
    <subfield code="b">E/CN.17/</subfield>
    <subfield code="c">19</subfield>
    <subfield code="q">ECN17201120</subfield>
    <subfield code="r">ECN1719</subfield>
    <subfield code="0">(DHLAUTH)792853</subfield>
  </datafield>
  <datafield tag="245" ind1="1" ind2="0">
    <subfield code="a">Commission on Sustainable Development :</subfield>
    <subfield code="b">report on the 19th session (14 May 2010 and 2-13 May 2011)</subfield>
  </datafield>
  <datafield tag="260" ind1=" " ind2=" ">
    <subfield code="a">New York :</subfield>
    <subfield code="b">UN,</subfield>
    <subfield code="c">2011</subfield>
  </datafield>
  <datafield tag="269" ind1=" " ind2=" ">
    <subfield code="a">2011</subfield>
  </datafield>
  <datafield tag="300" ind1=" " ind2=" ">
    <subfield code="a">iii, 69 p.</subfield>
  </datafield>
  <datafield tag="495" ind1=" " ind2=" ">
    <subfield code="a">ESCOR, 2011, Suppl. no. 9</subfield>
  </datafield>
  <datafield tag="610" ind1="2" ind2="7">
    <subfield code="a">UN. Commission on Sustainable Development (19th sess. : 2011 : New York)</subfield>
    <subfield code="2">unbisn</subfield>
    <subfield code="0">(DHLAUTH)797310</subfield>
  </datafield>
  <datafield tag="610" ind1="2" ind2="7">
    <subfield code="a">UN. Commission on Sustainable Development (19th sess. : 2011 : New York)</subfield>
    <subfield code="g">Resolutions and decisions</subfield>
    <subfield code="2">unbisn</subfield>
    <subfield code="0">(DHLAUTH)803812</subfield>
  </datafield>
  <datafield tag="610" ind1="2" ind2="7">
    <subfield code="a">UN. Commission on Sustainable Development (19th sess. : 2011 : New York)</subfield>
    <subfield code="g">Work organization</subfield>
    <subfield code="2">unbisn</subfield>
    <subfield code="0">(DHLAUTH)790294</subfield>
  </datafield>
  <datafield tag="610" ind1="2" ind2="7">
    <subfield code="a">UN. Commission on Sustainable Development (20th sess. : 2013 : New York)</subfield>
    <subfield code="g">Agenda</subfield>
    <subfield code="2">unbisn</subfield>
    <subfield code="0">(DHLAUTH)803814</subfield>
  </datafield>
  <datafield tag="630" ind1="0" ind2="7">
    <subfield code="a">Strategy for the Further Implementation of the Programme of Action for the Sustainable Development of Small Island Developing States (2005)</subfield>
    <subfield code="2">unbisn</subfield>
    <subfield code="0">(DHLAUTH)679310</subfield>
  </datafield>
  <datafield tag="650" ind1="1" ind2="7">
    <subfield code="a">SUSTAINABLE DEVELOPMENT</subfield>
    <subfield code="2">unbist</subfield>
    <subfield code="0">(DHLAUTH)269920</subfield>
  </datafield>
  <datafield tag="650" ind1="1" ind2="7">
    <subfield code="a">TRANSPORT</subfield>
    <subfield code="2">unbist</subfield>
    <subfield code="0">(DHLAUTH)272243</subfield>
  </datafield>
  <datafield tag="650" ind1="1" ind2="7">
    <subfield code="a">CHEMICALS</subfield>
    <subfield code="2">unbist</subfield>
    <subfield code="0">(DHLAUTH)270864</subfield>
  </datafield>
  <datafield tag="650" ind1="1" ind2="7">
    <subfield code="a">WASTE MANAGEMENT</subfield>
    <subfield code="2">unbist</subfield>
    <subfield code="0">(DHLAUTH)272254</subfield>
  </datafield>
  <datafield tag="650" ind1="1" ind2="7">
    <subfield code="a">PROGRAMME IMPLEMENTATION</subfield>
    <subfield code="2">unbist</subfield>
    <subfield code="0">(DHLAUTH)275794</subfield>
  </datafield>
  <datafield tag="650" ind1="2" ind2="7">
    <subfield code="a">MINING</subfield>
    <subfield code="2">unbist</subfield>
    <subfield code="0">(DHLAUTH)271081</subfield>
  </datafield>
  <datafield tag="650" ind1="2" ind2="7">
    <subfield code="a">CONSUMPTION</subfield>
    <subfield code="2">unbist</subfield>
    <subfield code="0">(DHLAUTH)269577</subfield>
  </datafield>
  <datafield tag="650" ind1="2" ind2="7">
    <subfield code="a">PRODUCTION</subfield>
    <subfield code="2">unbist</subfield>
    <subfield code="0">(DHLAUTH)269667</subfield>
  </datafield>
  <datafield tag="710" ind1="2" ind2=" ">
    <subfield code="a">UN. Commission on Sustainable Development (19th sess. : 2011 : New York)</subfield>
    <subfield code="0">(DHLAUTH)797310</subfield>
  </datafield>
  <datafield tag="830" ind1="0" ind2=" ">
    <subfield code="a">Report of the Commission on Sustainable Development</subfield>
    <subfield code="0">(DHLAUTH)888165</subfield>
  </datafield>
  <datafield tag="830" ind1="0" ind2=" ">
    <subfield code="a">Economic and Social Council. Official Records. Supplement</subfield>
    <subfield code="0">(DHLAUTH)882024</subfield>
  </datafield>
  <datafield tag="856" ind1="4" ind2=" ">
    <subfield code="s">327106</subfield>
    <subfield code="u">http://digitallibrary.un.org/record/710131/files/E_2011_29-EN.pdf</subfield>
    <subfield code="y">English</subfield>
  </datafield>
  <datafield tag="856" ind1="4" ind2=" ">
    <subfield code="s">379698</subfield>
    <subfield code="u">http://digitallibrary.un.org/record/710131/files/E_2011_29-FR.pdf</subfield>
    <subfield code="y">Français</subfield>
  </datafield>
  <datafield tag="856" ind1="4" ind2=" ">
    <subfield code="s">434685</subfield>
    <subfield code="u">http://digitallibrary.un.org/record/710131/files/E_2011_29-ES.pdf</subfield>
    <subfield code="y">Español</subfield>
  </datafield>
  <datafield tag="856" ind1="4" ind2=" ">
    <subfield code="s">531775</subfield>
    <subfield code="u">http://digitallibrary.un.org/record/710131/files/E_2011_29-ZH.pdf</subfield>
    <subfield code="y">中文</subfield>
  </datafield>
  <datafield tag="856" ind1="4" ind2=" ">
    <subfield code="s">650699</subfield>
    <subfield code="u">http://digitallibrary.un.org/record/710131/files/E_2011_29-AR.pdf</subfield>
    <subfield code="y">العربية</subfield>
  </datafield>
  <datafield tag="856" ind1="4" ind2=" ">
    <subfield code="s">877869</subfield>
    <subfield code="u">http://digitallibrary.un.org/record/710131/files/E_2011_29-RU.pdf</subfield>
    <subfield code="y">Русский</subfield>
  </datafield>
  <datafield tag="930" ind1=" " ind2=" ">
    <subfield code="a">UNDSE11</subfield>
  </datafield>
  <datafield tag="949" ind1=" " ind2=" ">
    <subfield code="9">E(01)/R3</subfield>
    <subfield code="b">1799511.3.1</subfield>
    <subfield code="i">1799511</subfield>
    <subfield code="k">unfs</subfield>
    <subfield code="c">c. 1</subfield>
    <subfield code="l">DHL</subfield>
    <subfield code="z">t</subfield>
    <subfield code="m">14day</subfield>
    <subfield code="d">20110906200000</subfield>
  </datafield>
  <datafield tag="949" ind1=" " ind2=" ">
    <subfield code="9">E(01)/R3</subfield>
    <subfield code="b">1799510.2.1</subfield>
    <subfield code="i">1799510</subfield>
    <subfield code="k">uncs</subfield>
    <subfield code="c">c. 1</subfield>
    <subfield code="l">DHL</subfield>
    <subfield code="z">t</subfield>
    <subfield code="m">14day</subfield>
    <subfield code="d">20110906200000</subfield>
  </datafield>
  <datafield tag="949" ind1=" " ind2=" ">
    <subfield code="9">E(01)/R3</subfield>
    <subfield code="b">1799512.4.1</subfield>
    <subfield code="i">1799512</subfield>
    <subfield code="k">unrs</subfield>
    <subfield code="c">c. 1</subfield>
    <subfield code="l">DHL</subfield>
    <subfield code="z">t</subfield>
    <subfield code="m">14day</subfield>
    <subfield code="d">20110906200000</subfield>
  </datafield>
  <datafield tag="949" ind1=" " ind2=" ">
    <subfield code="9">E(01)/R3</subfield>
    <subfield code="b">1799513.5.1</subfield>
    <subfield code="i">1799513</subfield>
    <subfield code="k">unss</subfield>
    <subfield code="c">c. 1</subfield>
    <subfield code="l">DHL</subfield>
    <subfield code="z">t</subfield>
    <subfield code="m">14day</subfield>
    <subfield code="d">20110906200000</subfield>
  </datafield>
  <datafield tag="949" ind1=" " ind2=" ">
    <subfield code="9">E(01)/R3</subfield>
    <subfield code="b">10000000954553</subfield>
    <subfield code="i">1799508</subfield>
    <subfield code="k">unes</subfield>
    <subfield code="c">c. 1</subfield>
    <subfield code="l">DHL</subfield>
    <subfield code="z">t</subfield>
    <subfield code="m">14day</subfield>
    <subfield code="d">20110906200000</subfield>
  </datafield>
  <datafield tag="949" ind1=" " ind2=" ">
    <subfield code="9">E(01)/R3</subfield>
    <subfield code="b">1799509.1.1</subfield>
    <subfield code="i">1799509</subfield>
    <subfield code="k">unas</subfield>
    <subfield code="c">c. 1</subfield>
    <subfield code="l">DHL</subfield>
    <subfield code="z">t</subfield>
    <subfield code="m">14day</subfield>
    <subfield code="d">20110906200000</subfield>
  </datafield>
  <datafield tag="989" ind1=" " ind2=" ">
    <subfield code="a">Documents and Publications</subfield>
    <subfield code="b">Resolutions and Decisions</subfield>
    <subfield code="c">Annual and Sessional Reports</subfield>
  </datafield>
  <datafield tag="989" ind1=" " ind2=" ">
    <subfield code="a">Documents and Publications</subfield>
    <subfield code="b">Publications</subfield>
  </datafield>
  <datafield tag="989" ind1=" " ind2=" ">
    <subfield code="a">Documents and Publications</subfield>
    <subfield code="b">Draft Resolutions and Decisions</subfield>
  </datafield>
  <datafield tag="991" ind1="2" ind2=" ">
    <subfield code="a">E/2011/100</subfield>
    <subfield code="b">13a</subfield>
    <subfield code="c">Sustainable development.</subfield>
    <subfield code="d">SUSTAINABLE DEVELOPMENT</subfield>
    <subfield code="z">I</subfield>
    <subfield code="0">(DHLAUTH)798940</subfield>
  </datafield>
  <datafield tag="998" ind1=" " ind2=" ">
    <subfield code="a">20110907083700</subfield>
    <subfield code="b">kroy</subfield>
    <subfield code="c">20171003104900</subfield>
    <subfield code="d">shkcat</subfield>
    <subfield code="z">20171005174218</subfield>
  </datafield>
  <datafield tag="999" ind1=" " ind2=" ">
    <subfield code="a">shku20171003</subfield>
    <subfield code="b">20171003</subfield>
    <subfield code="c">u</subfield>
  </datafield>
  <datafield tag="999" ind1=" " ind2=" ">
    <subfield code="a">krq20110907</subfield>
    <subfield code="b">20110907</subfield>
    <subfield code="c">q</subfield>
  </datafield>
  <datafield tag="999" ind1=" " ind2=" ">
    <subfield code="a">slr20110912</subfield>
    <subfield code="b">20110912</subfield>
    <subfield code="c">r</subfield>
  </datafield>
  <datafield tag="999" ind1=" " ind2=" ">
    <subfield code="a">mhc20110908</subfield>
    <subfield code="b">20110908</subfield>
    <subfield code="c">c</subfield>
  </datafield>
  <datafield tag="999" ind1=" " ind2=" ">
    <subfield code="a">vwt20111005</subfield>
    <subfield code="b">20111005</subfield>
    <subfield code="c">t</subfield>
  </datafield>
</record>