
    <record>
        <controlfield tag="001">709445</controlfield>
        <controlfield tag="000">00000nam\\2200025#a\4500</controlfield>
        <controlfield tag="005">20170412211721.0</controlfield>
        <controlfield tag="008">110825s2011\\\\usa\\\\#r\\\\\|||1|\eng\d</controlfield>
        <datafield tag="022" ind1=" " ind2=" ">
            <subfield code="a">0251-9410</subfield>
        </datafield>
        <datafield tag="035" ind1=" " ind2=" ">
            <subfield code="a">D0381935</subfield>
        </datafield>
        <datafield tag="035" ind1=" " ind2=" ">
            <subfield code="a">(DHL)953811</subfield>
        </datafield>
        <datafield tag="039" ind1=" " ind2=" ">
            <subfield code="a">DHU</subfield>
        </datafield>
        <datafield tag="040" ind1=" " ind2=" ">
            <subfield code="a">NNUN</subfield>
            <subfield code="b">eng</subfield>
        </datafield>
        <datafield tag="041" ind1=" " ind2=" ">
            <subfield code="a">arachiengfrerusspa</subfield>
        </datafield>
        <datafield tag="049" ind1=" " ind2=" ">
            <subfield code="a">usa</subfield>
        </datafield>
        <datafield tag="089" ind1=" " ind2=" ">
            <subfield code="b">B19</subfield>
        </datafield>
        <datafield tag="091" ind1=" " ind2=" ">
            <subfield code="a">GEN</subfield>
        </datafield>
        <datafield tag="099" ind1=" " ind2=" ">
            <subfield code="a">UNH</subfield>
            <subfield code="b">DHU</subfield>
            <subfield code="c">E(01)/R3</subfield>
            <subfield code="q">E01R3</subfield>
        </datafield>
        <datafield tag="191" ind1=" " ind2=" ">
            <subfield code="0">1220189</subfield>
            <subfield code="9">C01</subfield>
            <subfield code="a">E/2010/99</subfield>
            <subfield code="b">E/</subfield>
            <subfield code="c">2010-0</subfield>
            <subfield code="q">E201099</subfield>
            <subfield code="r">E20100</subfield>
        </datafield>
        <datafield tag="245" ind1="1" ind2="0">
            <subfield code="a">Resolutions and decisions of the Economic and Social Council :</subfield>
            <subfield code="b">organizational session for 2010, New York, 19 January, 9 and 12 February 2010; resumed organizational session for 2010, New York, 28 April and 21 May 2010; substantive session of 2010, New York, 28 June-23 July 2010; resumed substantive session of 2010, New York, 9 September, 25 October, 10 November and 14-15 December 2010</subfield>
        </datafield>
        <datafield tag="260" ind1=" " ind2=" ">
            <subfield code="a">New York :</subfield>
            <subfield code="b">UN,</subfield>
            <subfield code="c">2011</subfield>
        </datafield>
        <datafield tag="269" ind1=" " ind2=" ">
            <subfield code="a">2011</subfield>
        </datafield>
        <datafield tag="300" ind1=" " ind2=" ">
            <subfield code="a">198 p.</subfield>
        </datafield>
        <datafield tag="495" ind1=" " ind2=" ">
            <subfield code="a">ESCOR, 2010, Suppl. no. 1</subfield>
        </datafield>
        <datafield tag="596" ind1=" " ind2=" ">
            <subfield code="a">No job no.</subfield>
        </datafield>
        <datafield tag="610" ind1="2" ind2="7">
            <subfield code="0">1225453</subfield>
            <subfield code="2">unbisn</subfield>
            <subfield code="a">UN. Economic and Social Council (2010 organizational sess. : New York)</subfield>
            <subfield code="g">Resolutions and decisions</subfield>
        </datafield>
        <datafield tag="610" ind1="2" ind2="7">
            <subfield code="0">1225454</subfield>
            <subfield code="2">unbisn</subfield>
            <subfield code="a">UN. Economic and Social Council (2010, organizational sess., resumed : New York)</subfield>
            <subfield code="g">Resolutions and decisions</subfield>
        </datafield>
        <datafield tag="610" ind1="2" ind2="7">
            <subfield code="0">1226915</subfield>
            <subfield code="2">unbisn</subfield>
            <subfield code="a">UN. Economic and Social Council (2010, substantive sess. : New York)</subfield>
            <subfield code="g">Resolutions and decisions</subfield>
        </datafield>
        <datafield tag="610" ind1="2" ind2="7">
            <subfield code="0">1229824</subfield>
            <subfield code="2">unbisn</subfield>
            <subfield code="a">UN. Economic and Social Council (2010, substantive sess., resumed : New York)</subfield>
            <subfield code="g">Resolutions and decisions</subfield>
        </datafield>
        <datafield tag="710" ind1="2" ind2=" ">
            <subfield code="0">1219466</subfield>
            <subfield code="a">UN. Economic and Social Council (2010, organizational sess., resumed : New York)</subfield>
        </datafield>
        <datafield tag="710" ind1="2" ind2=" ">
            <subfield code="0">1220252</subfield>
            <subfield code="a">UN. Economic and Social Council (2010, substantive sess. : New York)</subfield>
        </datafield>
        <datafield tag="710" ind1="2" ind2=" ">
            <subfield code="0">1220264</subfield>
            <subfield code="a">UN. Economic and Social Council (2010, organizational sess. : New York)</subfield>
        </datafield>
        <datafield tag="710" ind1="2" ind2=" ">
            <subfield code="0">1229865</subfield>
            <subfield code="a">UN. Economic and Social Council (2010, substantive sess., resumed : New York)</subfield>
        </datafield>
        <datafield tag="830" ind1=" " ind2=" ">
            <subfield code="0">1275403</subfield>
            <subfield code="a">Economic and Social Council. Official Records. Supplement</subfield>
        </datafield>
        <datafield tag="830" ind1=" " ind2=" ">
            <subfield code="0">1275628</subfield>
            <subfield code="a">Resolutions and Decisions of the Economic and Social Council</subfield>
        </datafield>
        <datafield tag="856" ind1="4" ind2=" ">
            <subfield code="s">2226826</subfield>
            <subfield code="u">http://digitallibrary.un.org/record/709445/files/E_2010_99-AR.pdf</subfield>
            <subfield code="y">العربية</subfield>
        </datafield>
        <datafield tag="856" ind1="4" ind2=" ">
            <subfield code="s">1372445</subfield>
            <subfield code="u">http://digitallibrary.un.org/record/709445/files/E_2010_99-ZH.pdf</subfield>
            <subfield code="y">中文</subfield>
        </datafield>
        <datafield tag="856" ind1="4" ind2=" ">
            <subfield code="s">853971</subfield>
            <subfield code="u">http://digitallibrary.un.org/record/709445/files/E_2010_99-EN.pdf</subfield>
            <subfield code="y">English</subfield>
        </datafield>
        <datafield tag="856" ind1="4" ind2=" ">
            <subfield code="s">935268</subfield>
            <subfield code="u">http://digitallibrary.un.org/record/709445/files/E_2010_99-FR.pdf</subfield>
            <subfield code="y">Français</subfield>
        </datafield>
        <datafield tag="856" ind1="4" ind2=" ">
            <subfield code="s">1127240</subfield>
            <subfield code="u">http://digitallibrary.un.org/record/709445/files/E_2010_99-RU.pdf</subfield>
            <subfield code="y">Русский</subfield>
        </datafield>
        <datafield tag="856" ind1="4" ind2=" ">
            <subfield code="s">878336</subfield>
            <subfield code="u">http://digitallibrary.un.org/record/709445/files/E_2010_99-ES.pdf</subfield>
            <subfield code="y">Español</subfield>
        </datafield>
        <datafield tag="930" ind1=" " ind2=" ">
            <subfield code="a">UNDAU11</subfield>
        </datafield>
        <datafield tag="930" ind1=" " ind2=" ">
            <subfield code="a">ITPE10S</subfield>
        </datafield>
        <datafield tag="949" ind1=" " ind2=" ">
            <subfield code="9">E(01)/R3</subfield>
            <subfield code="b">1812909.2.1</subfield>
            <subfield code="c">c. 1</subfield>
            <subfield code="d">20111019200000</subfield>
            <subfield code="i">1812909</subfield>
            <subfield code="k">uncs</subfield>
            <subfield code="l">DHL</subfield>
            <subfield code="m">14day</subfield>
            <subfield code="z">t</subfield>
        </datafield>
        <datafield tag="949" ind1=" " ind2=" ">
            <subfield code="9">E(01)/R3</subfield>
            <subfield code="b">1836051.1.1</subfield>
            <subfield code="c">c. 2</subfield>
            <subfield code="d">20120202190000</subfield>
            <subfield code="i">1836051</subfield>
            <subfield code="k">unes</subfield>
            <subfield code="l">DHL</subfield>
            <subfield code="m">14day</subfield>
            <subfield code="z">t</subfield>
        </datafield>
        <datafield tag="949" ind1=" " ind2=" ">
            <subfield code="9">E(01)/R3</subfield>
            <subfield code="b">10000000953811</subfield>
            <subfield code="c">c. 1</subfield>
            <subfield code="d">20110824200000</subfield>
            <subfield code="i">1797234</subfield>
            <subfield code="k">unes</subfield>
            <subfield code="l">DHL</subfield>
            <subfield code="m">14day</subfield>
            <subfield code="z">t</subfield>
        </datafield>
        <datafield tag="949" ind1=" " ind2=" ">
            <subfield code="9">E(01)/R3</subfield>
            <subfield code="b">1812908.1.1</subfield>
            <subfield code="c">c. 1</subfield>
            <subfield code="d">20111019200000</subfield>
            <subfield code="i">1812908</subfield>
            <subfield code="k">unas</subfield>
            <subfield code="l">DHL</subfield>
            <subfield code="m">14day</subfield>
            <subfield code="z">t</subfield>
        </datafield>
        <datafield tag="949" ind1=" " ind2=" ">
            <subfield code="9">E(01)/R3</subfield>
            <subfield code="b">1812911.4.1</subfield>
            <subfield code="c">c. 1</subfield>
            <subfield code="d">20111019200000</subfield>
            <subfield code="i">1812911</subfield>
            <subfield code="k">unrs</subfield>
            <subfield code="l">DHL</subfield>
            <subfield code="m">14day</subfield>
            <subfield code="z">t</subfield>
        </datafield>
        <datafield tag="949" ind1=" " ind2=" ">
            <subfield code="9">E(01)/R3</subfield>
            <subfield code="b">1812912.5.1</subfield>
            <subfield code="c">c. 1</subfield>
            <subfield code="d">20111019200000</subfield>
            <subfield code="i">1812912</subfield>
            <subfield code="k">unss</subfield>
            <subfield code="l">DHL</subfield>
            <subfield code="m">14day</subfield>
            <subfield code="z">t</subfield>
        </datafield>
        <datafield tag="949" ind1=" " ind2=" ">
            <subfield code="9">E(01)/R3</subfield>
            <subfield code="b">1812910.3.1</subfield>
            <subfield code="c">c. 1</subfield>
            <subfield code="d">20111019200000</subfield>
            <subfield code="i">1812910</subfield>
            <subfield code="k">unfs</subfield>
            <subfield code="l">DHL</subfield>
            <subfield code="m">14day</subfield>
            <subfield code="z">t</subfield>
        </datafield>
        <datafield tag="980" ind1=" " ind2=" ">
            <subfield code="a">BIB</subfield>
        </datafield>
        <datafield tag="989" ind1=" " ind2=" ">
            <subfield code="a">Documents and Publications</subfield>
            <subfield code="b">Publications</subfield>
        </datafield>
        <datafield tag="991" ind1="2" ind2=" ">
            <subfield code="0">1224445</subfield>
            <subfield code="a">E/2010/100</subfield>
            <subfield code="b">[33]</subfield>
            <subfield code="d">UN. ECONOMIC AND SOCIAL COUNCIL (2010, SUBSTANTIVE SESS. : NEW YORK)--RESOLUTIONS AND DECISIONS</subfield>
            <subfield code="m">E/</subfield>
            <subfield code="s">2010-S</subfield>
            <subfield code="z">I</subfield>
        </datafield>
        <datafield tag="991" ind1="2" ind2=" ">
            <subfield code="0">1225474</subfield>
            <subfield code="a">E/2010/2</subfield>
            <subfield code="b">[31]</subfield>
            <subfield code="d">UN. ECONOMIC AND SOCIAL COUNCIL (2010, ORGANIZATIONAL SESS. : NEW YORK)--RESOLUTIONS AND DECISIONS</subfield>
            <subfield code="z">I</subfield>
        </datafield>
        <datafield tag="998" ind1=" " ind2=" ">
            <subfield code="a">20110825083600</subfield>
            <subfield code="b">kroy</subfield>
            <subfield code="c">20170112112400</subfield>
            <subfield code="d">shkcat</subfield>
        </datafield>
        <datafield tag="999" ind1=" " ind2=" ">
            <subfield code="a">shku20170112</subfield>
            <subfield code="b">20170112</subfield>
            <subfield code="c">u</subfield>
        </datafield>
        <datafield tag="999" ind1=" " ind2=" ">
            <subfield code="a">kakc20110825</subfield>
            <subfield code="b">20110825</subfield>
            <subfield code="c">c</subfield>
        </datafield>
        <datafield tag="999" ind1=" " ind2=" ">
            <subfield code="a">slr20110919</subfield>
            <subfield code="b">20110919</subfield>
            <subfield code="c">r</subfield>
        </datafield>
        <datafield tag="999" ind1=" " ind2=" ">
            <subfield code="a">krq20110825</subfield>
            <subfield code="b">20110825</subfield>
            <subfield code="c">q</subfield>
        </datafield>
        <datafield tag="999" ind1=" " ind2=" ">
            <subfield code="a">vwt20110912</subfield>
            <subfield code="b">20110912</subfield>
            <subfield code="c">t</subfield>
        </datafield>
        <datafield tag="999" ind1=" " ind2=" ">
            <subfield code="a">vwu20111003</subfield>
            <subfield code="b">20111003</subfield>
            <subfield code="c">u</subfield>
        </datafield>
        <datafield tag="999" ind1=" " ind2=" ">
            <subfield code="a">bci20120203</subfield>
            <subfield code="b">20120203</subfield>
            <subfield code="c">i</subfield>
        </datafield>
        <datafield tag="999" ind1=" " ind2=" ">
            <subfield code="a">kri20111020</subfield>
            <subfield code="b">20111020</subfield>
            <subfield code="c">i</subfield>
        </datafield>
    </record>