

    
<record>
  <controlfield tag="000">00000nam\\2200025#a\4500</controlfield>
  <controlfield tag="001">708558</controlfield>
  <controlfield tag="005">20170511193221.0</controlfield>
  <controlfield tag="008">110810s2011\\\\usa\\\\#r\\\\\|||1|\eng\d</controlfield>
  <datafield tag="022" ind1=" " ind2=" ">
    <subfield code="a">0255-1217</subfield>
  </datafield>
  <datafield tag="029" ind1=" " ind2=" ">
    <subfield code="a">JN</subfield>
    <subfield code="b">N1139386 E</subfield>
  </datafield>
  <datafield tag="035" ind1=" " ind2=" ">
    <subfield code="a">D0381656</subfield>
  </datafield>
  <datafield tag="035" ind1=" " ind2=" ">
    <subfield code="a">(DHL)952749</subfield>
  </datafield>
  <datafield tag="039" ind1=" " ind2=" ">
    <subfield code="a">DHU</subfield>
  </datafield>
  <datafield tag="040" ind1=" " ind2=" ">
    <subfield code="a">NNUN</subfield>
    <subfield code="b">eng</subfield>
  </datafield>
  <datafield tag="041" ind1=" " ind2=" ">
    <subfield code="a">arachiengfrerusspa</subfield>
  </datafield>
  <datafield tag="049" ind1=" " ind2=" ">
    <subfield code="a">usa</subfield>
  </datafield>
  <datafield tag="089" ind1=" " ind2=" ">
    <subfield code="b">B04</subfield>
  </datafield>
  <datafield tag="089" ind1=" " ind2=" ">
    <subfield code="b">B02</subfield>
  </datafield>
  <datafield tag="089" ind1=" " ind2=" ">
    <subfield code="b">A16</subfield>
  </datafield>
  <datafield tag="091" ind1=" " ind2=" ">
    <subfield code="a">GEN</subfield>
  </datafield>
  <datafield tag="099" ind1=" " ind2=" ">
    <subfield code="a">UNH</subfield>
    <subfield code="b">DHU</subfield>
    <subfield code="c">A(01)/R3</subfield>
    <subfield code="q">A01R3</subfield>
  </datafield>
  <datafield tag="191" ind1=" " ind2=" ">
    <subfield code="a">A/66/23</subfield>
    <subfield code="b">A/</subfield>
    <subfield code="c">66</subfield>
    <subfield code="9">G00</subfield>
    <subfield code="q">A6623</subfield>
    <subfield code="r">A66</subfield>
    <subfield code="0">1228994</subfield>
  </datafield>
  <datafield tag="245" ind1="1" ind2="0">
    <subfield code="a">Report of the Special Committee on the Situation with regard to the Implementation of the Declaration on the Granting of Independence to Colonial Countries and Peoples for 2011</subfield>
  </datafield>
  <datafield tag="260" ind1=" " ind2=" ">
    <subfield code="a">New York :</subfield>
    <subfield code="b">UN,</subfield>
    <subfield code="c">2011</subfield>
  </datafield>
  <datafield tag="269" ind1=" " ind2=" ">
    <subfield code="a">2011</subfield>
  </datafield>
  <datafield tag="300" ind1=" " ind2=" ">
    <subfield code="a">v, 85 p.</subfield>
  </datafield>
  <datafield tag="495" ind1=" " ind2=" ">
    <subfield code="a">GAOR, 66th sess., Suppl. no. 23</subfield>
  </datafield>
  <datafield tag="500" ind1=" " ind2=" ">
    <subfield code="a">Submitted in accordance with General Assembly resolution 65/119 of 10 Dec. 2010.</subfield>
  </datafield>
  <datafield tag="500" ind1=" " ind2=" ">
    <subfield code="a">Annexes (p. 68): 1. List of documents of the Special Committee, 2005 -- 2. Caribbean Regional Seminar on the Implementation of the Third International Decade for Eradication of Colonialism : Goals and Expected Accomplishments, held in Kingstown, 31 May to 2 June 2011.</subfield>
  </datafield>
  <datafield tag="610" ind1="2" ind2="7">
    <subfield code="a">UN. Special Committee of 24</subfield>
    <subfield code="2">unbisn</subfield>
    <subfield code="0">871189</subfield>
  </datafield>
  <datafield tag="610" ind1="2" ind2="7">
    <subfield code="a">UN. Special Committee of 24 (2011 : New York)</subfield>
    <subfield code="g">Work organization</subfield>
    <subfield code="2">unbisn</subfield>
    <subfield code="0">1233517</subfield>
  </datafield>
  <datafield tag="610" ind1="2" ind2="7">
    <subfield code="a">UN. Special Committee of 24 (2011 : New York)</subfield>
    <subfield code="g">Resolutions and decisions</subfield>
    <subfield code="2">unbisn</subfield>
    <subfield code="0">1233756</subfield>
  </datafield>
  <datafield tag="610" ind1="2" ind2="7">
    <subfield code="a">UN System</subfield>
    <subfield code="2">unbisn</subfield>
    <subfield code="0">864478</subfield>
  </datafield>
  <datafield tag="611" ind1="2" ind2="7">
    <subfield code="a">Caribbean Regional Seminar on the Implementation of the Third International Decade for the Eradication of Colonialism : Goals and Expected Accomplishments (2011 : Kingstown)</subfield>
    <subfield code="g">Work organization</subfield>
    <subfield code="2">unbisn</subfield>
    <subfield code="0">1233757</subfield>
  </datafield>
  <datafield tag="611" ind1="2" ind2="7">
    <subfield code="a">Caribbean Regional Seminar on the Implementation of the Third International Decade for the Eradication of Colonialism : Goals and Expected Accomplishments (2011 : Kingstown)</subfield>
    <subfield code="g">Recommendations</subfield>
    <subfield code="2">unbisn</subfield>
    <subfield code="0">1233758</subfield>
  </datafield>
  <datafield tag="630" ind1="0" ind2="7">
    <subfield code="a">Declaration on the Granting of Independence to Colonial Countries and Peoples (1960)</subfield>
    <subfield code="2">unbisn</subfield>
    <subfield code="0">867734</subfield>
  </datafield>
  <datafield tag="630" ind1="0" ind2="7">
    <subfield code="a">International Decade for the Eradication of Colonialism (3rd : 2011-2020)</subfield>
    <subfield code="2">unbisn</subfield>
    <subfield code="0">1225307</subfield>
  </datafield>
  <datafield tag="650" ind1="1" ind2="7">
    <subfield code="a">NON-SELF-GOVERNING TERRITORIES</subfield>
    <subfield code="2">unbist</subfield>
    <subfield code="0">1278061</subfield>
  </datafield>
  <datafield tag="650" ind1="1" ind2="7">
    <subfield code="a">SELF-DETERMINATION OF PEOPLES</subfield>
    <subfield code="2">unbist</subfield>
    <subfield code="0">1278064</subfield>
  </datafield>
  <datafield tag="650" ind1="1" ind2="7">
    <subfield code="a">DECOLONIZATION</subfield>
    <subfield code="2">unbist</subfield>
    <subfield code="0">1278057</subfield>
  </datafield>
  <datafield tag="650" ind1="1" ind2="7">
    <subfield code="a">COOPERATION BETWEEN ORGANIZATIONS</subfield>
    <subfield code="2">unbist</subfield>
    <subfield code="0">1282939</subfield>
  </datafield>
  <datafield tag="650" ind1="2" ind2="7">
    <subfield code="a">INFORMATION DISSEMINATION</subfield>
    <subfield code="2">unbist</subfield>
    <subfield code="0">1282602</subfield>
  </datafield>
  <datafield tag="650" ind1="2" ind2="7">
    <subfield code="a">VISITING MISSIONS</subfield>
    <subfield code="2">unbist</subfield>
    <subfield code="0">1278067</subfield>
  </datafield>
  <datafield tag="650" ind1="2" ind2="7">
    <subfield code="a">NATURAL RESOURCES</subfield>
    <subfield code="2">unbist</subfield>
    <subfield code="0">1278735</subfield>
  </datafield>
  <datafield tag="650" ind1="2" ind2="7">
    <subfield code="a">ECONOMIC DEVELOPMENT</subfield>
    <subfield code="2">unbist</subfield>
    <subfield code="0">1278405</subfield>
  </datafield>
  <datafield tag="650" ind1="2" ind2="7">
    <subfield code="a">GIBRALTAR QUESTION</subfield>
    <subfield code="2">unbist</subfield>
    <subfield code="0">1283173</subfield>
  </datafield>
  <datafield tag="650" ind1="2" ind2="7">
    <subfield code="a">NEW CALEDONIA QUESTION</subfield>
    <subfield code="2">unbist</subfield>
    <subfield code="0">1283611</subfield>
  </datafield>
  <datafield tag="650" ind1="2" ind2="7">
    <subfield code="a">WESTERN SAHARA QUESTION</subfield>
    <subfield code="2">unbist</subfield>
    <subfield code="0">1278086</subfield>
  </datafield>
  <datafield tag="650" ind1="2" ind2="7">
    <subfield code="a">AMERICAN SAMOA QUESTION</subfield>
    <subfield code="2">unbist</subfield>
    <subfield code="0">1283164</subfield>
  </datafield>
  <datafield tag="650" ind1="2" ind2="7">
    <subfield code="a">ANGUILLA QUESTION</subfield>
    <subfield code="2">unbist</subfield>
    <subfield code="0">1283165</subfield>
  </datafield>
  <datafield tag="650" ind1="2" ind2="7">
    <subfield code="a">BERMUDA QUESTION</subfield>
    <subfield code="2">unbist</subfield>
    <subfield code="0">1283167</subfield>
  </datafield>
  <datafield tag="650" ind1="2" ind2="7">
    <subfield code="a">BRITISH VIRGIN ISLANDS QUESTION</subfield>
    <subfield code="2">unbist</subfield>
    <subfield code="0">1283168</subfield>
  </datafield>
  <datafield tag="650" ind1="2" ind2="7">
    <subfield code="a">CAYMAN ISLANDS QUESTION</subfield>
    <subfield code="2">unbist</subfield>
    <subfield code="0">1283169</subfield>
  </datafield>
  <datafield tag="650" ind1="2" ind2="7">
    <subfield code="a">GUAM QUESTION</subfield>
    <subfield code="2">unbist</subfield>
    <subfield code="0">1283174</subfield>
  </datafield>
  <datafield tag="650" ind1="2" ind2="7">
    <subfield code="a">MONTSERRAT QUESTION</subfield>
    <subfield code="2">unbist</subfield>
    <subfield code="0">1283175</subfield>
  </datafield>
  <datafield tag="650" ind1="2" ind2="7">
    <subfield code="a">PITCAIRN QUESTION</subfield>
    <subfield code="2">unbist</subfield>
    <subfield code="0">1283177</subfield>
  </datafield>
  <datafield tag="650" ind1="2" ind2="7">
    <subfield code="a">SAINT HELENA QUESTION</subfield>
    <subfield code="2">unbist</subfield>
    <subfield code="0">1283179</subfield>
  </datafield>
  <datafield tag="650" ind1="2" ind2="7">
    <subfield code="a">TURKS AND CAICOS ISLANDS QUESTION</subfield>
    <subfield code="2">unbist</subfield>
    <subfield code="0">1283181</subfield>
  </datafield>
  <datafield tag="650" ind1="2" ind2="7">
    <subfield code="a">UNITED STATES VIRGIN ISLANDS QUESTION</subfield>
    <subfield code="2">unbist</subfield>
    <subfield code="0">1283182</subfield>
  </datafield>
  <datafield tag="650" ind1="2" ind2="7">
    <subfield code="a">TOKELAU QUESTION</subfield>
    <subfield code="2">unbist</subfield>
    <subfield code="0">1283180</subfield>
  </datafield>
  <datafield tag="650" ind1="2" ind2="7">
    <subfield code="a">FALKLAND ISLANDS (MALVINAS) QUESTION</subfield>
    <subfield code="2">unbist</subfield>
    <subfield code="0">1283171</subfield>
  </datafield>
  <datafield tag="650" ind1="2" ind2="7">
    <subfield code="a">DOCUMENTS</subfield>
    <subfield code="2">unbist</subfield>
    <subfield code="0">1281649</subfield>
  </datafield>
  <datafield tag="710" ind1="2" ind2=" ">
    <subfield code="a">UN. Special Committee of 24 (2011 : New York)</subfield>
    <subfield code="0">1232666</subfield>
  </datafield>
  <datafield tag="830" ind1=" " ind2=" ">
    <subfield code="a">Report of the Special Committee on the Situation with regard to the Implementation of the Declaration on the Granting of Independence to Colonial Countries and Peoples</subfield>
    <subfield code="0">(DHLAUTH)884955</subfield>
  </datafield>
  <datafield tag="830" ind1=" " ind2=" ">
    <subfield code="a">General Assembly. Official Records. Supplement</subfield>
    <subfield code="0">1275447</subfield>
  </datafield>
  <datafield tag="856" ind1="4" ind2=" ">
    <subfield code="s">338670</subfield>
    <subfield code="u">http://digitallibrary.un.org/record/708558/files/A_66_23-EN.pdf</subfield>
    <subfield code="y">English</subfield>
  </datafield>
  <datafield tag="856" ind1="4" ind2=" ">
    <subfield code="s">479071</subfield>
    <subfield code="u">http://digitallibrary.un.org/record/708558/files/A_66_23-ES.pdf</subfield>
    <subfield code="y">Español</subfield>
  </datafield>
  <datafield tag="856" ind1="4" ind2=" ">
    <subfield code="s">538702</subfield>
    <subfield code="u">http://digitallibrary.un.org/record/708558/files/A_66_23-ZH.pdf</subfield>
    <subfield code="y">中文</subfield>
  </datafield>
  <datafield tag="856" ind1="4" ind2=" ">
    <subfield code="s">593061</subfield>
    <subfield code="u">http://digitallibrary.un.org/record/708558/files/A_66_23-FR.pdf</subfield>
    <subfield code="y">Français</subfield>
  </datafield>
  <datafield tag="856" ind1="4" ind2=" ">
    <subfield code="s">843238</subfield>
    <subfield code="u">http://digitallibrary.un.org/record/708558/files/A_66_23-AR.pdf</subfield>
    <subfield code="y">العربية</subfield>
  </datafield>
  <datafield tag="856" ind1="4" ind2=" ">
    <subfield code="s">885498</subfield>
    <subfield code="u">http://digitallibrary.un.org/record/708558/files/A_66_23-RU.pdf</subfield>
    <subfield code="y">Русский</subfield>
  </datafield>
  <datafield tag="930" ind1=" " ind2=" ">
    <subfield code="a">UNDAU11</subfield>
  </datafield>
  <datafield tag="949" ind1=" " ind2=" ">
    <subfield code="9">A(01)/R3</subfield>
    <subfield code="b">1794139.3.1</subfield>
    <subfield code="i">1794139</subfield>
    <subfield code="k">unfs</subfield>
    <subfield code="c">c. 1</subfield>
    <subfield code="l">DHL</subfield>
    <subfield code="z">t</subfield>
    <subfield code="m">14day</subfield>
    <subfield code="d">20110809200000</subfield>
  </datafield>
  <datafield tag="949" ind1=" " ind2=" ">
    <subfield code="9">A(01)/R3</subfield>
    <subfield code="b">1794141.5.1</subfield>
    <subfield code="i">1794141</subfield>
    <subfield code="k">unss</subfield>
    <subfield code="c">c. 1</subfield>
    <subfield code="l">DHL</subfield>
    <subfield code="z">t</subfield>
    <subfield code="m">14day</subfield>
    <subfield code="d">20110809200000</subfield>
  </datafield>
  <datafield tag="949" ind1=" " ind2=" ">
    <subfield code="9">A(01)/R3</subfield>
    <subfield code="b">1794138.2.1</subfield>
    <subfield code="i">1794138</subfield>
    <subfield code="k">uncs</subfield>
    <subfield code="c">c. 1</subfield>
    <subfield code="l">DHL</subfield>
    <subfield code="z">t</subfield>
    <subfield code="m">14day</subfield>
    <subfield code="d">20110809200000</subfield>
  </datafield>
  <datafield tag="949" ind1=" " ind2=" ">
    <subfield code="9">A(01)/R3</subfield>
    <subfield code="b">1794137.1.1</subfield>
    <subfield code="i">1794137</subfield>
    <subfield code="k">unas</subfield>
    <subfield code="c">c. 1</subfield>
    <subfield code="l">DHL</subfield>
    <subfield code="z">t</subfield>
    <subfield code="m">14day</subfield>
    <subfield code="d">20110809200000</subfield>
  </datafield>
  <datafield tag="949" ind1=" " ind2=" ">
    <subfield code="9">A(01)/R3</subfield>
    <subfield code="b">1794140.4.1</subfield>
    <subfield code="i">1794140</subfield>
    <subfield code="k">unrs</subfield>
    <subfield code="c">c. 1</subfield>
    <subfield code="l">DHL</subfield>
    <subfield code="z">t</subfield>
    <subfield code="m">14day</subfield>
    <subfield code="d">20110809200000</subfield>
  </datafield>
  <datafield tag="949" ind1=" " ind2=" ">
    <subfield code="9">A(01)/R3</subfield>
    <subfield code="b">10000000952749</subfield>
    <subfield code="i">1794136</subfield>
    <subfield code="k">unes</subfield>
    <subfield code="c">c. 1</subfield>
    <subfield code="l">DHL</subfield>
    <subfield code="z">t</subfield>
    <subfield code="m">14day</subfield>
    <subfield code="d">20110809200000</subfield>
  </datafield>
  <datafield tag="991" ind1="1" ind2=" ">
    <subfield code="a">A/66/251</subfield>
    <subfield code="b">58</subfield>
    <subfield code="c">Implementation of the Declaration on the Granting of Independence to Colonial Countries and Peoples by the specialized agencies and the international institutions associated with the United Nations.</subfield>
    <subfield code="d">DECOLONIZATION--UN SYSTEM</subfield>
    <subfield code="z">I</subfield>
    <subfield code="0">1230595</subfield>
  </datafield>
  <datafield tag="991" ind1="1" ind2=" ">
    <subfield code="a">A/66/251</subfield>
    <subfield code="b">60</subfield>
    <subfield code="c">Implementation of the Declaration on the Granting of Independence to Colonial Countries and Peoples.</subfield>
    <subfield code="d">DECOLONIZATION</subfield>
    <subfield code="z">I</subfield>
    <subfield code="0">1230597</subfield>
  </datafield>
  <datafield tag="991" ind1="1" ind2=" ">
    <subfield code="a">A/66/251</subfield>
    <subfield code="b">60[1]</subfield>
    <subfield code="d">AMERICAN SAMOA QUESTION</subfield>
    <subfield code="z">I</subfield>
    <subfield code="0">1233778</subfield>
  </datafield>
  <datafield tag="991" ind1="1" ind2=" ">
    <subfield code="a">A/66/251</subfield>
    <subfield code="b">60[2]</subfield>
    <subfield code="d">ANGUILLA QUESTION</subfield>
    <subfield code="z">I</subfield>
    <subfield code="0">1233771</subfield>
  </datafield>
  <datafield tag="991" ind1="1" ind2=" ">
    <subfield code="a">A/66/251</subfield>
    <subfield code="b">60[3]</subfield>
    <subfield code="d">BERMUDA QUESTION</subfield>
    <subfield code="z">I</subfield>
    <subfield code="0">1233764</subfield>
  </datafield>
  <datafield tag="991" ind1="1" ind2=" ">
    <subfield code="a">A/66/251</subfield>
    <subfield code="b">60[4]</subfield>
    <subfield code="d">BRITISH VIRGIN ISLANDS QUESTION</subfield>
    <subfield code="z">I</subfield>
    <subfield code="0">1233765</subfield>
  </datafield>
  <datafield tag="991" ind1="1" ind2=" ">
    <subfield code="a">A/66/251</subfield>
    <subfield code="b">60[5]</subfield>
    <subfield code="d">CAYMAN ISLANDS QUESTION</subfield>
    <subfield code="z">I</subfield>
    <subfield code="0">1233766</subfield>
  </datafield>
  <datafield tag="991" ind1="1" ind2=" ">
    <subfield code="a">A/66/251</subfield>
    <subfield code="b">60[6]</subfield>
    <subfield code="d">GIBRALTAR QUESTION</subfield>
    <subfield code="z">I</subfield>
    <subfield code="0">1233767</subfield>
  </datafield>
  <datafield tag="991" ind1="1" ind2=" ">
    <subfield code="a">A/66/251</subfield>
    <subfield code="b">60[7]</subfield>
    <subfield code="d">GUAM QUESTION</subfield>
    <subfield code="z">I</subfield>
    <subfield code="0">1233768</subfield>
  </datafield>
  <datafield tag="991" ind1="1" ind2=" ">
    <subfield code="a">A/66/251</subfield>
    <subfield code="b">60[8]</subfield>
    <subfield code="d">MONTSERRAT QUESTION</subfield>
    <subfield code="z">I</subfield>
    <subfield code="0">1233769</subfield>
  </datafield>
  <datafield tag="991" ind1="1" ind2=" ">
    <subfield code="a">A/66/251</subfield>
    <subfield code="b">60[9]</subfield>
    <subfield code="d">NEW CALEDONIA QUESTION</subfield>
    <subfield code="z">I</subfield>
    <subfield code="0">1233770</subfield>
  </datafield>
  <datafield tag="991" ind1="1" ind2=" ">
    <subfield code="a">A/66/251</subfield>
    <subfield code="b">60[10]</subfield>
    <subfield code="d">PITCAIRN QUESTION</subfield>
    <subfield code="z">I</subfield>
    <subfield code="0">1233777</subfield>
  </datafield>
  <datafield tag="991" ind1="1" ind2=" ">
    <subfield code="a">A/66/251</subfield>
    <subfield code="b">60[11]</subfield>
    <subfield code="d">SAINT HELENA QUESTION</subfield>
    <subfield code="z">I</subfield>
    <subfield code="0">1233776</subfield>
  </datafield>
  <datafield tag="991" ind1="1" ind2=" ">
    <subfield code="a">A/66/251</subfield>
    <subfield code="b">60[12]</subfield>
    <subfield code="d">TOKELAU QUESTION</subfield>
    <subfield code="z">I</subfield>
    <subfield code="0">1233775</subfield>
  </datafield>
  <datafield tag="991" ind1="1" ind2=" ">
    <subfield code="a">A/66/251</subfield>
    <subfield code="b">60[13]</subfield>
    <subfield code="d">TURKS AND CAICOS ISLANDS QUESTION</subfield>
    <subfield code="z">I</subfield>
    <subfield code="0">1233774</subfield>
  </datafield>
  <datafield tag="991" ind1="1" ind2=" ">
    <subfield code="a">A/66/251</subfield>
    <subfield code="b">60[14]</subfield>
    <subfield code="d">UNITED STATES VIRGIN ISLANDS QUESTION</subfield>
    <subfield code="z">I</subfield>
    <subfield code="0">1233773</subfield>
  </datafield>
  <datafield tag="991" ind1="1" ind2=" ">
    <subfield code="a">A/66/251</subfield>
    <subfield code="b">60[15]</subfield>
    <subfield code="d">WESTERN SAHARA QUESTION</subfield>
    <subfield code="z">I</subfield>
    <subfield code="0">1233772</subfield>
  </datafield>
  <datafield tag="998" ind1=" " ind2=" ">
    <subfield code="a">20110810054800</subfield>
    <subfield code="b">pnser</subfield>
    <subfield code="c">20170420104000</subfield>
    <subfield code="d">shkcat</subfield>
  </datafield>
  <datafield tag="999" ind1=" " ind2=" ">
    <subfield code="a">shku20170420</subfield>
    <subfield code="b">20170420</subfield>
    <subfield code="c">u</subfield>
  </datafield>
  <datafield tag="999" ind1=" " ind2=" ">
    <subfield code="a">jmc20110810</subfield>
    <subfield code="b">20110810</subfield>
    <subfield code="c">c</subfield>
  </datafield>
  <datafield tag="999" ind1=" " ind2=" ">
    <subfield code="a">slr20110812</subfield>
    <subfield code="b">20110812</subfield>
    <subfield code="c">r</subfield>
  </datafield>
  <datafield tag="999" ind1=" " ind2=" ">
    <subfield code="a">pnq20110810</subfield>
    <subfield code="b">20110810</subfield>
    <subfield code="c">q</subfield>
  </datafield>
  <datafield tag="999" ind1=" " ind2=" ">
    <subfield code="a">vwt20110811</subfield>
    <subfield code="b">20110811</subfield>
    <subfield code="c">t</subfield>
  </datafield>
</record>