

    
    <record>
        <controlfield tag="001">706959</controlfield>
        <controlfield tag="000">00000nam\\2200025#a\4500</controlfield>
        <controlfield tag="005">20170412220517.0</controlfield>
        <controlfield tag="008">110715s2011\\\\usa\\\\#r\\\\\|||1|\eng\d</controlfield>
        <datafield tag="029" ind1=" " ind2=" ">
            <subfield code="a">JN</subfield>
            <subfield code="b">N1182609 E</subfield>
        </datafield>
        <datafield tag="035" ind1=" " ind2=" ">
            <subfield code="a">D0381165</subfield>
        </datafield>
        <datafield tag="035" ind1=" " ind2=" ">
            <subfield code="a">(DHL)950958</subfield>
        </datafield>
        <datafield tag="039" ind1=" " ind2=" ">
            <subfield code="a">DHU</subfield>
        </datafield>
        <datafield tag="040" ind1=" " ind2=" ">
            <subfield code="a">NNUN</subfield>
            <subfield code="b">eng</subfield>
        </datafield>
        <datafield tag="041" ind1=" " ind2=" ">
            <subfield code="a">arachiengfrerusspa</subfield>
        </datafield>
        <datafield tag="049" ind1=" " ind2=" ">
            <subfield code="a">aut</subfield>
        </datafield>
        <datafield tag="089" ind1=" " ind2=" ">
            <subfield code="b">B04</subfield>
        </datafield>
        <datafield tag="089" ind1=" " ind2=" ">
            <subfield code="b">B02</subfield>
        </datafield>
        <datafield tag="091" ind1=" " ind2=" ">
            <subfield code="a">GEN</subfield>
        </datafield>
        <datafield tag="099" ind1=" " ind2=" ">
            <subfield code="a">UNH</subfield>
            <subfield code="b">DHU</subfield>
            <subfield code="c">E(01)/R3</subfield>
            <subfield code="q">E01R3</subfield>
        </datafield>
        <datafield tag="191" ind1=" " ind2=" ">
            <subfield code="0">1228995</subfield>
            <subfield code="9">C00</subfield>
            <subfield code="a">E/2011/30</subfield>
            <subfield code="b">E/</subfield>
            <subfield code="c">2011-S</subfield>
            <subfield code="q">E201130</subfield>
            <subfield code="r">E2011S</subfield>
        </datafield>
        <datafield tag="191" ind1=" " ind2=" ">
            <subfield code="0">1233296</subfield>
            <subfield code="a">E/CN.15/2011/21</subfield>
            <subfield code="b">E/CN.15/</subfield>
            <subfield code="c">20</subfield>
            <subfield code="q">ECN15201121</subfield>
            <subfield code="r">ECN1520</subfield>
        </datafield>
        <datafield tag="245" ind1="1" ind2="0">
            <subfield code="a">Commission on Crime Prevention and Criminal Justice :</subfield>
            <subfield code="b">report on the 20th session (3 December 2010 and 11-15 April 2011)</subfield>
        </datafield>
        <datafield tag="260" ind1=" " ind2=" ">
            <subfield code="a">New York :</subfield>
            <subfield code="b">UN,</subfield>
            <subfield code="c">2011</subfield>
        </datafield>
        <datafield tag="269" ind1=" " ind2=" ">
            <subfield code="a">2011</subfield>
        </datafield>
        <datafield tag="300" ind1=" " ind2=" ">
            <subfield code="a">v, 79 p.</subfield>
        </datafield>
        <datafield tag="495" ind1=" " ind2=" ">
            <subfield code="a">ESCOR, 2011, Suppl. no. 10</subfield>
        </datafield>
        <datafield tag="596" ind1=" " ind2=" ">
            <subfield code="a">No job no.</subfield>
        </datafield>
        <datafield tag="610" ind1="2" ind2="7">
            <subfield code="0">1223260</subfield>
            <subfield code="2">unbisn</subfield>
            <subfield code="a">UN Commission on Crime Prevention and Criminal Justice (20th sess. : 2011 : Vienna)</subfield>
        </datafield>
        <datafield tag="610" ind1="2" ind2="7">
            <subfield code="0">1225725</subfield>
            <subfield code="2">unbisn</subfield>
            <subfield code="a">UN Commission on Crime Prevention and Criminal Justice (20th sess. : 2011 : Vienna)</subfield>
            <subfield code="g">Agenda</subfield>
        </datafield>
        <datafield tag="610" ind1="2" ind2="7">
            <subfield code="0">1233304</subfield>
            <subfield code="2">unbisn</subfield>
            <subfield code="a">UN Commission on Crime Prevention and Criminal Justice (20th sess. : 2011 : Vienna)</subfield>
            <subfield code="g">Work organization</subfield>
        </datafield>
        <datafield tag="610" ind1="2" ind2="7">
            <subfield code="0">1233305</subfield>
            <subfield code="2">unbisn</subfield>
            <subfield code="a">UN Commission on Crime Prevention and Criminal Justice (21st sess. : 2012 : Vienna)</subfield>
            <subfield code="g">Agenda</subfield>
        </datafield>
        <datafield tag="610" ind1="2" ind2="7">
            <subfield code="0">1240270</subfield>
            <subfield code="2">unbisn</subfield>
            <subfield code="a">UN Commission on Crime Prevention and Criminal Justice (21st sess. : 2012 : Vienna)</subfield>
            <subfield code="g">Work organization</subfield>
        </datafield>
        <datafield tag="610" ind1="2" ind2="7">
            <subfield code="0">1129071</subfield>
            <subfield code="2">unbisn</subfield>
            <subfield code="a">UN Office on Drugs and Crime</subfield>
        </datafield>
        <datafield tag="610" ind1="0" ind2="7">
            <subfield code="0">871494</subfield>
            <subfield code="2">unbisn</subfield>
            <subfield code="a">UN Commission on Crime Prevention and Criminal Justice</subfield>
        </datafield>
        <datafield tag="610" ind1="2" ind2="7">
            <subfield code="0">871261</subfield>
            <subfield code="2">unbisn</subfield>
            <subfield code="a">UN. Economic and Social Council</subfield>
        </datafield>
        <datafield tag="610" ind1="0" ind2="7">
            <subfield code="0">1140713</subfield>
            <subfield code="2">unbisn</subfield>
            <subfield code="a">UN Office on Drugs and Crime</subfield>
            <subfield code="g">Financing</subfield>
        </datafield>
        <datafield tag="610" ind1="2" ind2="7">
            <subfield code="0">1223063</subfield>
            <subfield code="2">unbisn</subfield>
            <subfield code="a">UN Crime Prevention and Criminal Justice Trust Fund</subfield>
            <subfield code="g">Budget (2010-2011)</subfield>
        </datafield>
        <datafield tag="611" ind1="2" ind2="7">
            <subfield code="0">1203855</subfield>
            <subfield code="2">unbisn</subfield>
            <subfield code="a">UN Congress on Crime Prevention and Criminal Justice (12th : 2010 : Salvador, Brazil)</subfield>
        </datafield>
        <datafield tag="611" ind1="2" ind2="7">
            <subfield code="0">1233313</subfield>
            <subfield code="2">unbisn</subfield>
            <subfield code="a">UN Congress on Crime Prevention and Criminal Justice (13th : 2015 : Doha)</subfield>
        </datafield>
        <datafield tag="630" ind1="0" ind2="7">
            <subfield code="0">1226067</subfield>
            <subfield code="2">unbisn</subfield>
            <subfield code="a">UN Global Plan of Action to Combat Trafficking in Persons (2010)</subfield>
        </datafield>
        <datafield tag="650" ind1="1" ind2="7">
            <subfield code="0">1281113</subfield>
            <subfield code="2">unbist</subfield>
            <subfield code="a">CRIME PREVENTION</subfield>
        </datafield>
        <datafield tag="650" ind1="1" ind2="7">
            <subfield code="0">1281116</subfield>
            <subfield code="2">unbist</subfield>
            <subfield code="a">CRIMINAL JUSTICE</subfield>
        </datafield>
        <datafield tag="650" ind1="1" ind2="7">
            <subfield code="0">1279405</subfield>
            <subfield code="2">unbist</subfield>
            <subfield code="a">FINANCIAL STATEMENTS</subfield>
        </datafield>
        <datafield tag="650" ind1="1" ind2="7">
            <subfield code="0">1283243</subfield>
            <subfield code="2">unbist</subfield>
            <subfield code="a">PROGRAMME IMPLEMENTATION</subfield>
        </datafield>
        <datafield tag="650" ind1="2" ind2="7">
            <subfield code="0">1282414</subfield>
            <subfield code="2">unbist</subfield>
            <subfield code="a">ORGANIZED CRIME</subfield>
        </datafield>
        <datafield tag="650" ind1="2" ind2="7">
            <subfield code="0">1284645</subfield>
            <subfield code="2">unbist</subfield>
            <subfield code="a">TRAFFICKING IN PERSONS</subfield>
        </datafield>
        <datafield tag="650" ind1="2" ind2="7">
            <subfield code="0">1282960</subfield>
            <subfield code="2">unbist</subfield>
            <subfield code="a">DRUG TRAFFIC</subfield>
        </datafield>
        <datafield tag="650" ind1="2" ind2="7">
            <subfield code="0">1284841</subfield>
            <subfield code="2">unbist</subfield>
            <subfield code="a">INFORMATION WARFARE</subfield>
        </datafield>
        <datafield tag="650" ind1="2" ind2="7">
            <subfield code="0">1278425</subfield>
            <subfield code="2">unbist</subfield>
            <subfield code="a">TECHNICAL COOPERATION</subfield>
        </datafield>
        <datafield tag="650" ind1="2" ind2="7">
            <subfield code="0">1284241</subfield>
            <subfield code="2">unbist</subfield>
            <subfield code="a">CAPACITY BUILDING</subfield>
        </datafield>
        <datafield tag="650" ind1="2" ind2="7">
            <subfield code="0">1280063</subfield>
            <subfield code="2">unbist</subfield>
            <subfield code="a">CHILDREN</subfield>
        </datafield>
        <datafield tag="650" ind1="2" ind2="7">
            <subfield code="0">1284244</subfield>
            <subfield code="2">unbist</subfield>
            <subfield code="a">DIGITAL TECHNOLOGY</subfield>
        </datafield>
        <datafield tag="650" ind1="2" ind2="7">
            <subfield code="0">1279379</subfield>
            <subfield code="2">unbist</subfield>
            <subfield code="a">STANDARDIZATION</subfield>
        </datafield>
        <datafield tag="650" ind1="2" ind2="7">
            <subfield code="0">1277901</subfield>
            <subfield code="2">unbist</subfield>
            <subfield code="a">COORDINATION WITHIN UN SYSTEM</subfield>
        </datafield>
        <datafield tag="710" ind1="2" ind2=" ">
            <subfield code="0">1223260</subfield>
            <subfield code="a">UN Commission on Crime Prevention and Criminal Justice (20th sess. : 2011 : Vienna)</subfield>
        </datafield>
        <datafield tag="830" ind1=" " ind2=" ">
            <subfield code="0">1275486</subfield>
            <subfield code="a">Report of the Commission on Crime Prevention and Criminal Justice</subfield>
        </datafield>
        <datafield tag="830" ind1=" " ind2=" ">
            <subfield code="0">1275403</subfield>
            <subfield code="a">Economic and Social Council. Official Records. Supplement</subfield>
        </datafield>
        <datafield tag="856" ind1="4" ind2=" ">
            <subfield code="s">744739</subfield>
            <subfield code="u">http://digitallibrary.un.org/record/706959/files/E_2011_30_E_CN.15_2011_21-AR.pdf</subfield>
            <subfield code="y">العربية</subfield>
        </datafield>
        <datafield tag="856" ind1="4" ind2=" ">
            <subfield code="s">746932</subfield>
            <subfield code="u">http://digitallibrary.un.org/record/706959/files/E_2011_30_E_CN.15_2011_21-ZH.pdf</subfield>
            <subfield code="y">中文</subfield>
        </datafield>
        <datafield tag="856" ind1="4" ind2=" ">
            <subfield code="s">455686</subfield>
            <subfield code="u">http://digitallibrary.un.org/record/706959/files/E_2011_30_E_CN.15_2011_21-EN.pdf</subfield>
            <subfield code="y">English</subfield>
        </datafield>
        <datafield tag="856" ind1="4" ind2=" ">
            <subfield code="s">491355</subfield>
            <subfield code="u">http://digitallibrary.un.org/record/706959/files/E_2011_30_E_CN.15_2011_21-FR.pdf</subfield>
            <subfield code="y">Français</subfield>
        </datafield>
        <datafield tag="856" ind1="4" ind2=" ">
            <subfield code="s">824255</subfield>
            <subfield code="u">http://digitallibrary.un.org/record/706959/files/E_2011_30_E_CN.15_2011_21-RU.pdf</subfield>
            <subfield code="y">Русский</subfield>
        </datafield>
        <datafield tag="856" ind1="4" ind2=" ">
            <subfield code="s">434429</subfield>
            <subfield code="u">http://digitallibrary.un.org/record/706959/files/E_2011_30_E_CN.15_2011_21-ES.pdf</subfield>
            <subfield code="y">Español</subfield>
        </datafield>
        <datafield tag="930" ind1=" " ind2=" ">
            <subfield code="a">UNDJL11</subfield>
        </datafield>
        <datafield tag="930" ind1=" " ind2=" ">
            <subfield code="a">ITPA66</subfield>
        </datafield>
        <datafield tag="949" ind1=" " ind2=" ">
            <subfield code="9">E/CN.15/2011/21</subfield>
            <subfield code="b">1808047.4.1</subfield>
            <subfield code="c">c. 1</subfield>
            <subfield code="d">20111004200000</subfield>
            <subfield code="i">1808047</subfield>
            <subfield code="k">unrs</subfield>
            <subfield code="l">DHL</subfield>
            <subfield code="m">14day</subfield>
            <subfield code="z">t</subfield>
        </datafield>
        <datafield tag="949" ind1=" " ind2=" ">
            <subfield code="9">E(01)/R3</subfield>
            <subfield code="b">1789303.3.1</subfield>
            <subfield code="c">c. 1</subfield>
            <subfield code="d">20110714200000</subfield>
            <subfield code="i">1789303</subfield>
            <subfield code="k">unfs</subfield>
            <subfield code="l">DHL</subfield>
            <subfield code="m">14day</subfield>
            <subfield code="z">t</subfield>
        </datafield>
        <datafield tag="949" ind1=" " ind2=" ">
            <subfield code="9">E(01)/R3</subfield>
            <subfield code="b">1789304.4.1</subfield>
            <subfield code="c">c. 1</subfield>
            <subfield code="d">20110714200000</subfield>
            <subfield code="i">1789304</subfield>
            <subfield code="k">unrs</subfield>
            <subfield code="l">DHL</subfield>
            <subfield code="m">14day</subfield>
            <subfield code="z">t</subfield>
        </datafield>
        <datafield tag="949" ind1=" " ind2=" ">
            <subfield code="9">E(01)/R3</subfield>
            <subfield code="b">10000000950958</subfield>
            <subfield code="c">c. 1</subfield>
            <subfield code="d">20110714200000</subfield>
            <subfield code="i">1789300</subfield>
            <subfield code="k">unes</subfield>
            <subfield code="l">DHL</subfield>
            <subfield code="m">14day</subfield>
            <subfield code="z">t</subfield>
        </datafield>
        <datafield tag="949" ind1=" " ind2=" ">
            <subfield code="9">E/CN.15/2011/21</subfield>
            <subfield code="b">1808046.3.1</subfield>
            <subfield code="c">c. 1</subfield>
            <subfield code="d">20111004200000</subfield>
            <subfield code="i">1808046</subfield>
            <subfield code="k">unfs</subfield>
            <subfield code="l">DHL</subfield>
            <subfield code="m">14day</subfield>
            <subfield code="z">t</subfield>
        </datafield>
        <datafield tag="949" ind1=" " ind2=" ">
            <subfield code="9">E/CN.15/2011/21</subfield>
            <subfield code="b">1808048.5.1</subfield>
            <subfield code="c">c. 1</subfield>
            <subfield code="d">20111004200000</subfield>
            <subfield code="i">1808048</subfield>
            <subfield code="k">unss</subfield>
            <subfield code="l">DHL</subfield>
            <subfield code="m">14day</subfield>
            <subfield code="z">t</subfield>
        </datafield>
        <datafield tag="949" ind1=" " ind2=" ">
            <subfield code="9">E/CN.15/2011/21</subfield>
            <subfield code="b">1808044.1.1</subfield>
            <subfield code="c">c. 1</subfield>
            <subfield code="d">20111004200000</subfield>
            <subfield code="i">1808044</subfield>
            <subfield code="k">unas</subfield>
            <subfield code="l">DHL</subfield>
            <subfield code="m">14day</subfield>
            <subfield code="z">t</subfield>
        </datafield>
        <datafield tag="949" ind1=" " ind2=" ">
            <subfield code="9">E/CN.15/2011/21</subfield>
            <subfield code="b">10000009509581</subfield>
            <subfield code="c">c. 1</subfield>
            <subfield code="d">20111004200000</subfield>
            <subfield code="i">1808043</subfield>
            <subfield code="k">unes</subfield>
            <subfield code="l">DHL</subfield>
            <subfield code="m">14day</subfield>
            <subfield code="z">t</subfield>
        </datafield>
        <datafield tag="949" ind1=" " ind2=" ">
            <subfield code="9">E(01)/R3</subfield>
            <subfield code="b">1789302.2.1</subfield>
            <subfield code="c">c. 1</subfield>
            <subfield code="d">20110714200000</subfield>
            <subfield code="i">1789302</subfield>
            <subfield code="k">uncs</subfield>
            <subfield code="l">DHL</subfield>
            <subfield code="m">14day</subfield>
            <subfield code="z">t</subfield>
        </datafield>
        <datafield tag="949" ind1=" " ind2=" ">
            <subfield code="9">E(01)/R3</subfield>
            <subfield code="b">1789305.5.1</subfield>
            <subfield code="c">c. 1</subfield>
            <subfield code="d">20110714200000</subfield>
            <subfield code="i">1789305</subfield>
            <subfield code="k">unss</subfield>
            <subfield code="l">DHL</subfield>
            <subfield code="m">14day</subfield>
            <subfield code="z">t</subfield>
        </datafield>
        <datafield tag="949" ind1=" " ind2=" ">
            <subfield code="9">E/CN.15/2011/21</subfield>
            <subfield code="b">1808045.2.1</subfield>
            <subfield code="c">c. 1</subfield>
            <subfield code="d">20111004200000</subfield>
            <subfield code="i">1808045</subfield>
            <subfield code="k">uncs</subfield>
            <subfield code="l">DHL</subfield>
            <subfield code="m">14day</subfield>
            <subfield code="z">t</subfield>
        </datafield>
        <datafield tag="949" ind1=" " ind2=" ">
            <subfield code="9">E(01)/R3</subfield>
            <subfield code="b">1789301.1.1</subfield>
            <subfield code="c">c. 1</subfield>
            <subfield code="d">20110714200000</subfield>
            <subfield code="i">1789301</subfield>
            <subfield code="k">unas</subfield>
            <subfield code="l">DHL</subfield>
            <subfield code="m">14day</subfield>
            <subfield code="z">t</subfield>
        </datafield>
        <datafield tag="980" ind1=" " ind2=" ">
            <subfield code="a">BIB</subfield>
        </datafield>
        <datafield tag="989" ind1=" " ind2=" ">
            <subfield code="a">Documents and Publications</subfield>
            <subfield code="b">Reports</subfield>
            <subfield code="c">Annual and Sessional Reports</subfield>
        </datafield>
        <datafield tag="989" ind1=" " ind2=" ">
            <subfield code="a">Documents and Publications</subfield>
            <subfield code="b">Draft Resolutions and Decisions</subfield>
        </datafield>
        <datafield tag="991" ind1="2" ind2=" ">
            <subfield code="0">1232183</subfield>
            <subfield code="a">E/2011/100</subfield>
            <subfield code="b">14c</subfield>
            <subfield code="c">Crime prevention and criminal justice.</subfield>
            <subfield code="d">CRIME PREVENTION</subfield>
            <subfield code="z">I</subfield>
        </datafield>
        <datafield tag="991" ind1="1" ind2=" ">
            <subfield code="0">1230718</subfield>
            <subfield code="a">A/66/251</subfield>
            <subfield code="b">107</subfield>
            <subfield code="c">Crime prevention and criminal justice.</subfield>
            <subfield code="d">CRIME PREVENTION</subfield>
            <subfield code="m">A/</subfield>
            <subfield code="s">66</subfield>
            <subfield code="z">I</subfield>
        </datafield>
        <datafield tag="998" ind1=" " ind2=" ">
            <subfield code="a">20110715050300</subfield>
            <subfield code="b">pnser</subfield>
            <subfield code="c">20170109110000</subfield>
            <subfield code="d">shkcat</subfield>
        </datafield>
        <datafield tag="999" ind1=" " ind2=" ">
            <subfield code="a">pnq20110715</subfield>
            <subfield code="b">20110715</subfield>
            <subfield code="c">q</subfield>
        </datafield>
        <datafield tag="999" ind1=" " ind2=" ">
            <subfield code="a">slr20110715</subfield>
            <subfield code="b">20110715</subfield>
            <subfield code="c">r</subfield>
        </datafield>
        <datafield tag="999" ind1=" " ind2=" ">
            <subfield code="a">slt20110715</subfield>
            <subfield code="b">20110715</subfield>
            <subfield code="c">t</subfield>
        </datafield>
        <datafield tag="999" ind1=" " ind2=" ">
            <subfield code="a">mhc20110715</subfield>
            <subfield code="b">20110715</subfield>
            <subfield code="c">c</subfield>
        </datafield>
        <datafield tag="999" ind1=" " ind2=" ">
            <subfield code="a">vwt20110729</subfield>
            <subfield code="b">20110729</subfield>
            <subfield code="c">t</subfield>
        </datafield>
        <datafield tag="999" ind1=" " ind2=" ">
            <subfield code="a">moni20111005</subfield>
            <subfield code="b">20111005</subfield>
            <subfield code="c">i</subfield>
        </datafield>
        <datafield tag="999" ind1=" " ind2=" ">
            <subfield code="a">vwu20111215</subfield>
            <subfield code="b">20111215</subfield>
            <subfield code="c">u</subfield>
        </datafield>
        <datafield tag="999" ind1=" " ind2=" ">
            <subfield code="a">shku20170109</subfield>
            <subfield code="b">20170109</subfield>
            <subfield code="c">u</subfield>
        </datafield>
    </record>