

    
<record>
  <controlfield tag="000">00000nam\\2200025#a\4500</controlfield>
  <controlfield tag="001">706831</controlfield>
  <controlfield tag="005">20170511192540.0</controlfield>
  <controlfield tag="008">110714s2011\\\\usa\\\\#r\\\\\|||1|\eng\d</controlfield>
  <datafield tag="022" ind1=" " ind2=" ">
    <subfield code="a">0252-5283</subfield>
  </datafield>
  <datafield tag="029" ind1=" " ind2=" ">
    <subfield code="a">JN</subfield>
    <subfield code="b">N1138498 E</subfield>
  </datafield>
  <datafield tag="035" ind1=" " ind2=" ">
    <subfield code="a">D0381140</subfield>
  </datafield>
  <datafield tag="035" ind1=" " ind2=" ">
    <subfield code="a">(DHL)950822</subfield>
  </datafield>
  <datafield tag="039" ind1=" " ind2=" ">
    <subfield code="a">DHU</subfield>
  </datafield>
  <datafield tag="040" ind1=" " ind2=" ">
    <subfield code="a">NNUN</subfield>
    <subfield code="b">eng</subfield>
  </datafield>
  <datafield tag="041" ind1=" " ind2=" ">
    <subfield code="a">arachiengfrerusspa</subfield>
  </datafield>
  <datafield tag="049" ind1=" " ind2=" ">
    <subfield code="a">usa</subfield>
  </datafield>
  <datafield tag="089" ind1=" " ind2=" ">
    <subfield code="b">B04</subfield>
  </datafield>
  <datafield tag="091" ind1=" " ind2=" ">
    <subfield code="a">GEN</subfield>
  </datafield>
  <datafield tag="099" ind1=" " ind2=" ">
    <subfield code="a">UNH</subfield>
    <subfield code="b">DHU</subfield>
    <subfield code="c">A(01)/R3</subfield>
    <subfield code="q">A01R3</subfield>
  </datafield>
  <datafield tag="191" ind1=" " ind2=" ">
    <subfield code="a">A/66/8</subfield>
    <subfield code="b">A/</subfield>
    <subfield code="c">66</subfield>
    <subfield code="9">G00</subfield>
    <subfield code="q">A668</subfield>
    <subfield code="r">A66</subfield>
    <subfield code="0">1228994</subfield>
  </datafield>
  <datafield tag="245" ind1="1" ind2="0">
    <subfield code="a">Report of the Governing Council of the United Nations Human Settlements Programme, 23rd session (11-15 April 2011)</subfield>
  </datafield>
  <datafield tag="260" ind1=" " ind2=" ">
    <subfield code="a">New York :</subfield>
    <subfield code="b">UN,</subfield>
    <subfield code="c">2011</subfield>
  </datafield>
  <datafield tag="269" ind1=" " ind2=" ">
    <subfield code="a">2011</subfield>
  </datafield>
  <datafield tag="300" ind1=" " ind2=" ">
    <subfield code="a">iii, 45 p.</subfield>
  </datafield>
  <datafield tag="495" ind1=" " ind2=" ">
    <subfield code="a">GAOR, 66th sess., Suppl. no. 8</subfield>
  </datafield>
  <datafield tag="500" ind1=" " ind2=" ">
    <subfield code="a">"Annex: Decision and resolutions adopted by the Governing Council of the UN Human Settlements Programme at its 23rd session" p. 7-45.</subfield>
  </datafield>
  <datafield tag="610" ind1="2" ind2="7">
    <subfield code="a">UN-HABITAT. Governing Council (23rd sess. : 2011 : Nairobi)</subfield>
    <subfield code="2">unbisn</subfield>
    <subfield code="0">1213926</subfield>
  </datafield>
  <datafield tag="610" ind1="2" ind2="7">
    <subfield code="a">UN-HABITAT. Governing Council</subfield>
    <subfield code="g">Members</subfield>
    <subfield code="2">unbisn</subfield>
    <subfield code="0">1117572</subfield>
  </datafield>
  <datafield tag="610" ind1="2" ind2="7">
    <subfield code="a">UN-HABITAT. Governing Council (23rd sess. : 2011 : Nairobi)</subfield>
    <subfield code="g">Officers</subfield>
    <subfield code="2">unbisn</subfield>
    <subfield code="0">1233281</subfield>
  </datafield>
  <datafield tag="610" ind1="2" ind2="7">
    <subfield code="a">UN-HABITAT. Governing Council (23rd sess. : 2011 : Nairobi)</subfield>
    <subfield code="g">Agenda</subfield>
    <subfield code="2">unbisn</subfield>
    <subfield code="0">1213833</subfield>
  </datafield>
  <datafield tag="610" ind1="2" ind2="7">
    <subfield code="a">UN-HABITAT. Governing Council (23rd sess. : 2011 : Nairobi)</subfield>
    <subfield code="g">Work organization</subfield>
    <subfield code="2">unbisn</subfield>
    <subfield code="0">1233282</subfield>
  </datafield>
  <datafield tag="610" ind1="2" ind2="7">
    <subfield code="a">UN-HABITAT. Governing Council (23rd sess. : 2011 : Nairobi)</subfield>
    <subfield code="g">Resolutions and decisions</subfield>
    <subfield code="2">unbisn</subfield>
    <subfield code="0">1232628</subfield>
  </datafield>
  <datafield tag="610" ind1="2" ind2="7">
    <subfield code="a">UN-HABITAT. Governing Council (24th sess. : 2013 : Nairobi)</subfield>
    <subfield code="g">Agenda</subfield>
    <subfield code="2">unbisn</subfield>
    <subfield code="0">1233283</subfield>
  </datafield>
  <datafield tag="650" ind1="1" ind2="7">
    <subfield code="a">HUMAN SETTLEMENTS</subfield>
    <subfield code="2">unbist</subfield>
    <subfield code="0">1280338</subfield>
  </datafield>
  <datafield tag="650" ind1="1" ind2="7">
    <subfield code="a">HUMAN SETTLEMENTS MANAGEMENT</subfield>
    <subfield code="2">unbist</subfield>
    <subfield code="0">1282985</subfield>
  </datafield>
  <datafield tag="650" ind1="1" ind2="7">
    <subfield code="a">OPERATIONAL ACTIVITIES</subfield>
    <subfield code="2">unbist</subfield>
    <subfield code="0">1282630</subfield>
  </datafield>
  <datafield tag="710" ind1="2" ind2=" ">
    <subfield code="a">UN-HABITAT. Governing Council (23rd sess. : 2011 : Nairobi)</subfield>
    <subfield code="0">1213926</subfield>
  </datafield>
  <datafield tag="830" ind1=" " ind2=" ">
    <subfield code="a">Report of the Governing Council of the UN Human Settlements Programme</subfield>
    <subfield code="0">(DHLAUTH)884754</subfield>
  </datafield>
  <datafield tag="830" ind1=" " ind2=" ">
    <subfield code="a">General Assembly. Official Records. Supplement</subfield>
    <subfield code="0">1275447</subfield>
  </datafield>
  <datafield tag="856" ind1="4" ind2=" ">
    <subfield code="s">216692</subfield>
    <subfield code="u">http://digitallibrary.un.org/record/706831/files/A_66_8-EN.pdf</subfield>
    <subfield code="y">English</subfield>
  </datafield>
  <datafield tag="856" ind1="4" ind2=" ">
    <subfield code="s">248751</subfield>
    <subfield code="u">http://digitallibrary.un.org/record/706831/files/A_66_8-FR.pdf</subfield>
    <subfield code="y">Français</subfield>
  </datafield>
  <datafield tag="856" ind1="4" ind2=" ">
    <subfield code="s">357398</subfield>
    <subfield code="u">http://digitallibrary.un.org/record/706831/files/A_66_8-ES.pdf</subfield>
    <subfield code="y">Español</subfield>
  </datafield>
  <datafield tag="856" ind1="4" ind2=" ">
    <subfield code="s">425431</subfield>
    <subfield code="u">http://digitallibrary.un.org/record/706831/files/A_66_8-ZH.pdf</subfield>
    <subfield code="y">中文</subfield>
  </datafield>
  <datafield tag="856" ind1="4" ind2=" ">
    <subfield code="s">476239</subfield>
    <subfield code="u">http://digitallibrary.un.org/record/706831/files/A_66_8-AR.pdf</subfield>
    <subfield code="y">العربية</subfield>
  </datafield>
  <datafield tag="856" ind1="4" ind2=" ">
    <subfield code="s">593890</subfield>
    <subfield code="u">http://digitallibrary.un.org/record/706831/files/A_66_8-RU.pdf</subfield>
    <subfield code="y">Русский</subfield>
  </datafield>
  <datafield tag="930" ind1=" " ind2=" ">
    <subfield code="a">UNDJL11</subfield>
  </datafield>
  <datafield tag="930" ind1=" " ind2=" ">
    <subfield code="a">ITPE11S</subfield>
  </datafield>
  <datafield tag="949" ind1=" " ind2=" ">
    <subfield code="9">A(01)/R3</subfield>
    <subfield code="b">1789078.2.1</subfield>
    <subfield code="i">1789078</subfield>
    <subfield code="k">uncs</subfield>
    <subfield code="c">c. 1</subfield>
    <subfield code="l">DHL</subfield>
    <subfield code="z">t</subfield>
    <subfield code="m">14day</subfield>
    <subfield code="d">20110713200000</subfield>
  </datafield>
  <datafield tag="949" ind1=" " ind2=" ">
    <subfield code="9">A(01)/R3</subfield>
    <subfield code="b">1789079.3.1</subfield>
    <subfield code="i">1789079</subfield>
    <subfield code="k">unfs</subfield>
    <subfield code="c">c. 1</subfield>
    <subfield code="l">DHL</subfield>
    <subfield code="z">t</subfield>
    <subfield code="m">14day</subfield>
    <subfield code="d">20110713200000</subfield>
  </datafield>
  <datafield tag="949" ind1=" " ind2=" ">
    <subfield code="9">A(01)/R3</subfield>
    <subfield code="b">1789081.5.1</subfield>
    <subfield code="i">1789081</subfield>
    <subfield code="k">unss</subfield>
    <subfield code="c">c. 1</subfield>
    <subfield code="l">DHL</subfield>
    <subfield code="z">t</subfield>
    <subfield code="m">14day</subfield>
    <subfield code="d">20110713200000</subfield>
  </datafield>
  <datafield tag="949" ind1=" " ind2=" ">
    <subfield code="9">A(01)/R3</subfield>
    <subfield code="b">10000000950822</subfield>
    <subfield code="i">1789076</subfield>
    <subfield code="k">unes</subfield>
    <subfield code="c">c. 1</subfield>
    <subfield code="l">DHL</subfield>
    <subfield code="z">t</subfield>
    <subfield code="m">14day</subfield>
    <subfield code="d">20110713200000</subfield>
  </datafield>
  <datafield tag="949" ind1=" " ind2=" ">
    <subfield code="9">A(01)/R3</subfield>
    <subfield code="b">1789080.4.1</subfield>
    <subfield code="i">1789080</subfield>
    <subfield code="k">unrs</subfield>
    <subfield code="c">c. 1</subfield>
    <subfield code="l">DHL</subfield>
    <subfield code="z">t</subfield>
    <subfield code="m">14day</subfield>
    <subfield code="d">20110713200000</subfield>
  </datafield>
  <datafield tag="949" ind1=" " ind2=" ">
    <subfield code="9">A(01)/R3</subfield>
    <subfield code="b">1789077.1.1</subfield>
    <subfield code="i">1789077</subfield>
    <subfield code="k">unas</subfield>
    <subfield code="c">c. 1</subfield>
    <subfield code="l">DHL</subfield>
    <subfield code="z">t</subfield>
    <subfield code="m">14day</subfield>
    <subfield code="d">20110713200000</subfield>
  </datafield>
  <datafield tag="991" ind1="1" ind2=" ">
    <subfield code="a">A/66/251</subfield>
    <subfield code="b">20</subfield>
    <subfield code="c">Implementation of the outcome of the United Nations Conference on Human Settlements (Habitat II) and strengthening of the United Nations Human Settlements Programme (UN-Habitat).</subfield>
    <subfield code="d">HUMAN SETTLEMENTS--CONFERENCE--FOLLOW-UP</subfield>
    <subfield code="z">I</subfield>
    <subfield code="0">1230452</subfield>
  </datafield>
  <datafield tag="991" ind1="2" ind2=" ">
    <subfield code="a">E/2011/100</subfield>
    <subfield code="b">13d</subfield>
    <subfield code="c">Human settlements.</subfield>
    <subfield code="d">HUMAN SETTLEMENTS</subfield>
    <subfield code="m">E/</subfield>
    <subfield code="s">2011-S</subfield>
    <subfield code="z">I</subfield>
    <subfield code="0">1232170</subfield>
  </datafield>
  <datafield tag="998" ind1=" " ind2=" ">
    <subfield code="a">20110714050700</subfield>
    <subfield code="b">pnser</subfield>
    <subfield code="c">20170410132000</subfield>
    <subfield code="d">shkcat</subfield>
  </datafield>
  <datafield tag="999" ind1=" " ind2=" ">
    <subfield code="a">slr20110714</subfield>
    <subfield code="b">20110714</subfield>
    <subfield code="c">r</subfield>
  </datafield>
  <datafield tag="999" ind1=" " ind2=" ">
    <subfield code="a">slt20110714</subfield>
    <subfield code="b">20110714</subfield>
    <subfield code="c">t</subfield>
  </datafield>
  <datafield tag="999" ind1=" " ind2=" ">
    <subfield code="a">jmc20110714</subfield>
    <subfield code="b">20110714</subfield>
    <subfield code="c">c</subfield>
  </datafield>
  <datafield tag="999" ind1=" " ind2=" ">
    <subfield code="a">pnq20110714</subfield>
    <subfield code="b">20110714</subfield>
    <subfield code="c">q</subfield>
  </datafield>
  <datafield tag="999" ind1=" " ind2=" ">
    <subfield code="a">vwt20110727</subfield>
    <subfield code="b">20110727</subfield>
    <subfield code="c">t</subfield>
  </datafield>
  <datafield tag="999" ind1=" " ind2=" ">
    <subfield code="a">vwu20120906</subfield>
    <subfield code="b">20120906</subfield>
    <subfield code="c">u</subfield>
  </datafield>
  <datafield tag="999" ind1=" " ind2=" ">
    <subfield code="a">shku20170410</subfield>
    <subfield code="b">20170410</subfield>
    <subfield code="c">u</subfield>
  </datafield>
</record>