
    <record>
        <controlfield tag="001">706491</controlfield>
        <controlfield tag="000">00000nam\\2200025#a\4500</controlfield>
        <controlfield tag="005">20170412220422.0</controlfield>
        <controlfield tag="008">110708s2011\\\\usa\\\\#r\\\\\|||1|\eng\d</controlfield>
        <datafield tag="022" ind1=" " ind2=" ">
            <subfield code="a">0251-9941</subfield>
        </datafield>
        <datafield tag="035" ind1=" " ind2=" ">
            <subfield code="a">D0381097</subfield>
        </datafield>
        <datafield tag="035" ind1=" " ind2=" ">
            <subfield code="a">(DHL)950446</subfield>
        </datafield>
        <datafield tag="039" ind1=" " ind2=" ">
            <subfield code="a">DHU</subfield>
        </datafield>
        <datafield tag="040" ind1=" " ind2=" ">
            <subfield code="a">NNUN</subfield>
            <subfield code="b">eng</subfield>
        </datafield>
        <datafield tag="041" ind1=" " ind2=" ">
            <subfield code="a">arachiengfrerusspa</subfield>
        </datafield>
        <datafield tag="049" ind1=" " ind2=" ">
            <subfield code="a">usa</subfield>
        </datafield>
        <datafield tag="089" ind1=" " ind2=" ">
            <subfield code="b">B04</subfield>
        </datafield>
        <datafield tag="089" ind1=" " ind2=" ">
            <subfield code="b">B02</subfield>
        </datafield>
        <datafield tag="091" ind1=" " ind2=" ">
            <subfield code="a">GEN</subfield>
        </datafield>
        <datafield tag="099" ind1=" " ind2=" ">
            <subfield code="a">UNH</subfield>
            <subfield code="b">DHU</subfield>
            <subfield code="c">E(01)/R3</subfield>
            <subfield code="q">E01R3</subfield>
        </datafield>
        <datafield tag="191" ind1=" " ind2=" ">
            <subfield code="0">1228995</subfield>
            <subfield code="9">C00</subfield>
            <subfield code="a">E/2011/28</subfield>
            <subfield code="b">E/</subfield>
            <subfield code="c">2011-S</subfield>
            <subfield code="q">E201128</subfield>
            <subfield code="r">E2011S</subfield>
        </datafield>
        <datafield tag="191" ind1=" " ind2=" ">
            <subfield code="0">1233176</subfield>
            <subfield code="a">E/CN.7/2011/15</subfield>
            <subfield code="b">E/CN.7/</subfield>
            <subfield code="c">54</subfield>
            <subfield code="q">ECN7201115</subfield>
            <subfield code="r">ECN754</subfield>
        </datafield>
        <datafield tag="245" ind1="1" ind2="0">
            <subfield code="a">Commission on Narcotic Drugs :</subfield>
            <subfield code="b">report on the 54th session (2 December 2010 and 21-25 March 2011)</subfield>
        </datafield>
        <datafield tag="260" ind1=" " ind2=" ">
            <subfield code="a">New York :</subfield>
            <subfield code="b">UN,</subfield>
            <subfield code="c">2011</subfield>
        </datafield>
        <datafield tag="269" ind1=" " ind2=" ">
            <subfield code="a">2011</subfield>
        </datafield>
        <datafield tag="300" ind1=" " ind2=" ">
            <subfield code="a">v, 69 p. :</subfield>
            <subfield code="b">table</subfield>
        </datafield>
        <datafield tag="495" ind1=" " ind2=" ">
            <subfield code="a">ESCOR, 2011, Suppl. no. 8</subfield>
        </datafield>
        <datafield tag="610" ind1="2" ind2="7">
            <subfield code="0">1233182</subfield>
            <subfield code="2">unbisn</subfield>
            <subfield code="a">UN. Commission on Narcotic Drugs (54th sess. : 2011 : Vienna)</subfield>
        </datafield>
        <datafield tag="610" ind1="2" ind2="7">
            <subfield code="0">1233183</subfield>
            <subfield code="2">unbisn</subfield>
            <subfield code="a">UN. Commission on Narcotic Drugs (54th sess. : 2011 : Vienna)</subfield>
            <subfield code="g">Resolutions and decisions</subfield>
        </datafield>
        <datafield tag="610" ind1="2" ind2="7">
            <subfield code="0">1233184</subfield>
            <subfield code="2">unbisn</subfield>
            <subfield code="a">UN. Commission on Narcotic Drugs (54th sess. : 2011 : Vienna)</subfield>
            <subfield code="g">Work organization</subfield>
        </datafield>
        <datafield tag="610" ind1="2" ind2="7">
            <subfield code="0">1224000</subfield>
            <subfield code="2">unbisn</subfield>
            <subfield code="a">UN. Commission on Narcotic Drugs (54th sess. : 2011 : Vienna)</subfield>
            <subfield code="g">Agenda</subfield>
        </datafield>
        <datafield tag="610" ind1="2" ind2="7">
            <subfield code="0">1233185</subfield>
            <subfield code="2">unbisn</subfield>
            <subfield code="a">UN. Commission on Narcotic Drugs (54th sess. : 2011 : Vienna)</subfield>
            <subfield code="g">Officers</subfield>
        </datafield>
        <datafield tag="610" ind1="2" ind2="7">
            <subfield code="0">1233180</subfield>
            <subfield code="2">unbisn</subfield>
            <subfield code="a">UN. Commission on Narcotic Drugs (55th sess. : 2012 : Vienna)</subfield>
            <subfield code="g">Agenda</subfield>
        </datafield>
        <datafield tag="610" ind1="2" ind2="7">
            <subfield code="0">1129071</subfield>
            <subfield code="2">unbisn</subfield>
            <subfield code="a">UN Office on Drugs and Crime</subfield>
        </datafield>
        <datafield tag="610" ind1="2" ind2="7">
            <subfield code="0">871282</subfield>
            <subfield code="2">unbisn</subfield>
            <subfield code="a">UN. Commission on Narcotic Drugs</subfield>
        </datafield>
        <datafield tag="610" ind1="2" ind2="7">
            <subfield code="0">1223030</subfield>
            <subfield code="2">unbisn</subfield>
            <subfield code="a">UN International Drug Control Programme. Fund</subfield>
            <subfield code="g">Budget (2010-2011)</subfield>
        </datafield>
        <datafield tag="610" ind1="2" ind2="7">
            <subfield code="0">1190383</subfield>
            <subfield code="2">unbisn</subfield>
            <subfield code="a">Paris Pact Initiative</subfield>
        </datafield>
        <datafield tag="630" ind1="0" ind2="7">
            <subfield code="0">1227026</subfield>
            <subfield code="2">unbisn</subfield>
            <subfield code="a">Political Declaration and Plan of Action on International Cooperation Towards an Integrated and Balanced Strategy to Counter the World Drug Problem (2009)</subfield>
        </datafield>
        <datafield tag="650" ind1="1" ind2="7">
            <subfield code="0">1281093</subfield>
            <subfield code="2">unbist</subfield>
            <subfield code="a">NARCOTIC DRUGS</subfield>
        </datafield>
        <datafield tag="650" ind1="1" ind2="7">
            <subfield code="0">1282951</subfield>
            <subfield code="2">unbist</subfield>
            <subfield code="a">DRUG CONTROL</subfield>
        </datafield>
        <datafield tag="650" ind1="1" ind2="7">
            <subfield code="0">1281086</subfield>
            <subfield code="2">unbist</subfield>
            <subfield code="a">INTERNATIONAL DRUG MONITORING</subfield>
        </datafield>
        <datafield tag="650" ind1="1" ind2="7">
            <subfield code="0">1278279</subfield>
            <subfield code="2">unbist</subfield>
            <subfield code="a">TREATIES</subfield>
        </datafield>
        <datafield tag="650" ind1="1" ind2="7">
            <subfield code="0">1280469</subfield>
            <subfield code="2">unbist</subfield>
            <subfield code="a">DRUG POLICY</subfield>
        </datafield>
        <datafield tag="650" ind1="1" ind2="7">
            <subfield code="0">1282960</subfield>
            <subfield code="2">unbist</subfield>
            <subfield code="a">DRUG TRAFFIC</subfield>
        </datafield>
        <datafield tag="650" ind1="2" ind2="7">
            <subfield code="0">1284314</subfield>
            <subfield code="2">unbist</subfield>
            <subfield code="a">DRUG TESTING</subfield>
        </datafield>
        <datafield tag="650" ind1="2" ind2="7">
            <subfield code="0">1281080</subfield>
            <subfield code="2">unbist</subfield>
            <subfield code="a">CROP SUBSTITUTION</subfield>
        </datafield>
        <datafield tag="650" ind1="2" ind2="7">
            <subfield code="0">1283728</subfield>
            <subfield code="2">unbist</subfield>
            <subfield code="a">DRUG TREATMENT</subfield>
        </datafield>
        <datafield tag="650" ind1="2" ind2="7">
            <subfield code="0">1281099</subfield>
            <subfield code="2">unbist</subfield>
            <subfield code="a">PSYCHOTROPIC SUBSTANCES</subfield>
        </datafield>
        <datafield tag="650" ind1="2" ind2="7">
            <subfield code="0">1284538</subfield>
            <subfield code="2">unbist</subfield>
            <subfield code="a">PRECURSOR CHEMICALS</subfield>
        </datafield>
        <datafield tag="650" ind1="2" ind2="7">
            <subfield code="0">1283975</subfield>
            <subfield code="2">unbist</subfield>
            <subfield code="a">AIDS PREVENTION</subfield>
        </datafield>
        <datafield tag="651" ind1="2" ind2="7">
            <subfield code="0">1282072</subfield>
            <subfield code="2">unbist</subfield>
            <subfield code="a">AFRICA</subfield>
        </datafield>
        <datafield tag="710" ind1="2" ind2=" ">
            <subfield code="0">1233182</subfield>
            <subfield code="a">UN. Commission on Narcotic Drugs (54th sess. : 2011 : Vienna)</subfield>
        </datafield>
        <datafield tag="830" ind1=" " ind2=" ">
            <subfield code="0">1275554</subfield>
            <subfield code="a">Report of the Commission on Narcotic Drugs</subfield>
        </datafield>
        <datafield tag="830" ind1=" " ind2=" ">
            <subfield code="0">1275403</subfield>
            <subfield code="a">Economic and Social Council. Official Records. Supplement</subfield>
        </datafield>
        <datafield tag="856" ind1="4" ind2=" ">
            <subfield code="s">837448</subfield>
            <subfield code="u">http://digitallibrary.un.org/record/706491/files/E_2011_28_E_CN.7_2011_15-AR.pdf</subfield>
            <subfield code="y">العربية</subfield>
        </datafield>
        <datafield tag="856" ind1="4" ind2=" ">
            <subfield code="s">636510</subfield>
            <subfield code="u">http://digitallibrary.un.org/record/706491/files/E_2011_28_E_CN.7_2011_15-ZH.pdf</subfield>
            <subfield code="y">中文</subfield>
        </datafield>
        <datafield tag="856" ind1="4" ind2=" ">
            <subfield code="s">570995</subfield>
            <subfield code="u">http://digitallibrary.un.org/record/706491/files/E_2011_28_E_CN.7_2011_15-EN.pdf</subfield>
            <subfield code="y">English</subfield>
        </datafield>
        <datafield tag="856" ind1="4" ind2=" ">
            <subfield code="s">425105</subfield>
            <subfield code="u">http://digitallibrary.un.org/record/706491/files/E_2011_28_E_CN.7_2011_15-FR.pdf</subfield>
            <subfield code="y">Français</subfield>
        </datafield>
        <datafield tag="856" ind1="4" ind2=" ">
            <subfield code="s">925220</subfield>
            <subfield code="u">http://digitallibrary.un.org/record/706491/files/E_2011_28_E_CN.7_2011_15-RU.pdf</subfield>
            <subfield code="y">Русский</subfield>
        </datafield>
        <datafield tag="856" ind1="4" ind2=" ">
            <subfield code="s">613729</subfield>
            <subfield code="u">http://digitallibrary.un.org/record/706491/files/E_2011_28_E_CN.7_2011_15-ES.pdf</subfield>
            <subfield code="y">Español</subfield>
        </datafield>
        <datafield tag="930" ind1=" " ind2=" ">
            <subfield code="a">UNDJL11</subfield>
        </datafield>
        <datafield tag="949" ind1=" " ind2=" ">
            <subfield code="9">E/CN.7/2011/15</subfield>
            <subfield code="b">1788289.8.1</subfield>
            <subfield code="c">c. 1</subfield>
            <subfield code="d">20110707200000</subfield>
            <subfield code="i">1788289</subfield>
            <subfield code="k">unes</subfield>
            <subfield code="l">DHL</subfield>
            <subfield code="m">14day</subfield>
            <subfield code="z">t</subfield>
        </datafield>
        <datafield tag="949" ind1=" " ind2=" ">
            <subfield code="9">E(01)/R3</subfield>
            <subfield code="b">1788286.5.1</subfield>
            <subfield code="c">c. 1</subfield>
            <subfield code="d">20110707200000</subfield>
            <subfield code="i">1788286</subfield>
            <subfield code="k">unss</subfield>
            <subfield code="l">DHL</subfield>
            <subfield code="m">14day</subfield>
            <subfield code="z">t</subfield>
        </datafield>
        <datafield tag="949" ind1=" " ind2=" ">
            <subfield code="9">E(01)/R3</subfield>
            <subfield code="b">1788282.1.1</subfield>
            <subfield code="c">c. 1</subfield>
            <subfield code="d">20110707200000</subfield>
            <subfield code="i">1788282</subfield>
            <subfield code="k">unas</subfield>
            <subfield code="l">DHL</subfield>
            <subfield code="m">14day</subfield>
            <subfield code="z">t</subfield>
        </datafield>
        <datafield tag="949" ind1=" " ind2=" ">
            <subfield code="9">E/CN.7/2011/15</subfield>
            <subfield code="b">1788288.7.1</subfield>
            <subfield code="c">c. 1</subfield>
            <subfield code="d">20110707200000</subfield>
            <subfield code="i">1788288</subfield>
            <subfield code="k">uncs</subfield>
            <subfield code="l">DHL</subfield>
            <subfield code="m">14day</subfield>
            <subfield code="z">t</subfield>
        </datafield>
        <datafield tag="949" ind1=" " ind2=" ">
            <subfield code="9">E(01)/R3</subfield>
            <subfield code="b">1788283.2.1</subfield>
            <subfield code="c">c. 1</subfield>
            <subfield code="d">20110707200000</subfield>
            <subfield code="i">1788283</subfield>
            <subfield code="k">uncs</subfield>
            <subfield code="l">DHL</subfield>
            <subfield code="m">14day</subfield>
            <subfield code="z">t</subfield>
        </datafield>
        <datafield tag="949" ind1=" " ind2=" ">
            <subfield code="9">E/CN.7/2011/15</subfield>
            <subfield code="b">1788292.11.1</subfield>
            <subfield code="c">c. 1</subfield>
            <subfield code="d">20110707200000</subfield>
            <subfield code="i">1788292</subfield>
            <subfield code="k">unss</subfield>
            <subfield code="l">DHL</subfield>
            <subfield code="m">14day</subfield>
            <subfield code="z">t</subfield>
        </datafield>
        <datafield tag="949" ind1=" " ind2=" ">
            <subfield code="9">E/CN.7/2011/15</subfield>
            <subfield code="b">1788287.6.1</subfield>
            <subfield code="c">c. 1</subfield>
            <subfield code="d">20110707200000</subfield>
            <subfield code="i">1788287</subfield>
            <subfield code="k">unas</subfield>
            <subfield code="l">DHL</subfield>
            <subfield code="m">14day</subfield>
            <subfield code="z">t</subfield>
        </datafield>
        <datafield tag="949" ind1=" " ind2=" ">
            <subfield code="9">E(01)/R3</subfield>
            <subfield code="b">10000000950446</subfield>
            <subfield code="c">c. 1</subfield>
            <subfield code="d">20110707200000</subfield>
            <subfield code="i">1788281</subfield>
            <subfield code="k">unes</subfield>
            <subfield code="l">DHL</subfield>
            <subfield code="m">14day</subfield>
            <subfield code="z">t</subfield>
        </datafield>
        <datafield tag="949" ind1=" " ind2=" ">
            <subfield code="9">E/CN.7/2011/15</subfield>
            <subfield code="b">1788290.9.1</subfield>
            <subfield code="c">c. 1</subfield>
            <subfield code="d">20110707200000</subfield>
            <subfield code="i">1788290</subfield>
            <subfield code="k">unfs</subfield>
            <subfield code="l">DHL</subfield>
            <subfield code="m">14day</subfield>
            <subfield code="z">t</subfield>
        </datafield>
        <datafield tag="949" ind1=" " ind2=" ">
            <subfield code="9">E/CN.7/2011/15</subfield>
            <subfield code="b">1788291.10.1</subfield>
            <subfield code="c">c. 1</subfield>
            <subfield code="d">20110707200000</subfield>
            <subfield code="i">1788291</subfield>
            <subfield code="k">unrs</subfield>
            <subfield code="l">DHL</subfield>
            <subfield code="m">14day</subfield>
            <subfield code="z">t</subfield>
        </datafield>
        <datafield tag="949" ind1=" " ind2=" ">
            <subfield code="9">E(01)/R3</subfield>
            <subfield code="b">1788284.3.1</subfield>
            <subfield code="c">c. 1</subfield>
            <subfield code="d">20110707200000</subfield>
            <subfield code="i">1788284</subfield>
            <subfield code="k">unfs</subfield>
            <subfield code="l">DHL</subfield>
            <subfield code="m">14day</subfield>
            <subfield code="z">t</subfield>
        </datafield>
        <datafield tag="949" ind1=" " ind2=" ">
            <subfield code="9">E(01)/R3</subfield>
            <subfield code="b">1788285.4.1</subfield>
            <subfield code="c">c. 1</subfield>
            <subfield code="d">20110707200000</subfield>
            <subfield code="i">1788285</subfield>
            <subfield code="k">unrs</subfield>
            <subfield code="l">DHL</subfield>
            <subfield code="m">14day</subfield>
            <subfield code="z">t</subfield>
        </datafield>
        <datafield tag="980" ind1=" " ind2=" ">
            <subfield code="a">BIB</subfield>
        </datafield>
        <datafield tag="989" ind1=" " ind2=" ">
            <subfield code="a">Documents and Publications</subfield>
            <subfield code="b">Reports</subfield>
            <subfield code="c">Annual and Sessional Reports</subfield>
        </datafield>
        <datafield tag="989" ind1=" " ind2=" ">
            <subfield code="a">Documents and Publications</subfield>
            <subfield code="b">Publications</subfield>
        </datafield>
        <datafield tag="989" ind1=" " ind2=" ">
            <subfield code="a">Documents and Publications</subfield>
            <subfield code="b">Draft Resolutions and Decisions</subfield>
        </datafield>
        <datafield tag="991" ind1="2" ind2=" ">
            <subfield code="0">1232184</subfield>
            <subfield code="a">E/2011/100</subfield>
            <subfield code="b">14d</subfield>
            <subfield code="c">Narcotic drugs.</subfield>
            <subfield code="d">NARCOTIC DRUGS</subfield>
            <subfield code="z">I</subfield>
        </datafield>
        <datafield tag="998" ind1=" " ind2=" ">
            <subfield code="a">20110708045300</subfield>
            <subfield code="b">pnser</subfield>
            <subfield code="c">20170111120900</subfield>
            <subfield code="d">shkcat</subfield>
        </datafield>
        <datafield tag="999" ind1=" " ind2=" ">
            <subfield code="a">shku20170111</subfield>
            <subfield code="b">20170111</subfield>
            <subfield code="c">u</subfield>
        </datafield>
        <datafield tag="999" ind1=" " ind2=" ">
            <subfield code="a">jmc20110708</subfield>
            <subfield code="b">20110708</subfield>
            <subfield code="c">c</subfield>
        </datafield>
        <datafield tag="999" ind1=" " ind2=" ">
            <subfield code="a">slr20110708</subfield>
            <subfield code="b">20110708</subfield>
            <subfield code="c">r</subfield>
        </datafield>
        <datafield tag="999" ind1=" " ind2=" ">
            <subfield code="a">slt20110708</subfield>
            <subfield code="b">20110708</subfield>
            <subfield code="c">t</subfield>
        </datafield>
        <datafield tag="999" ind1=" " ind2=" ">
            <subfield code="a">pnq20110708</subfield>
            <subfield code="b">20110708</subfield>
            <subfield code="c">q</subfield>
        </datafield>
        <datafield tag="999" ind1=" " ind2=" ">
            <subfield code="a">vwt20110729</subfield>
            <subfield code="b">20110729</subfield>
            <subfield code="c">t</subfield>
        </datafield>
    </record>