

    
    <record>
        <controlfield tag="001">706405</controlfield>
        <controlfield tag="000">00000nam\\2200025#a\4500</controlfield>
        <controlfield tag="005">20170412220512.0</controlfield>
        <controlfield tag="008">110707s2011\\\\usa\\\\#r\\\\\|||1|\eng\d</controlfield>
        <datafield tag="022" ind1=" " ind2=" ">
            <subfield code="a">1728-0060</subfield>
        </datafield>
        <datafield tag="029" ind1=" " ind2=" ">
            <subfield code="a">JN</subfield>
            <subfield code="b">N1137063 E</subfield>
        </datafield>
        <datafield tag="035" ind1=" " ind2=" ">
            <subfield code="a">D0381092</subfield>
        </datafield>
        <datafield tag="035" ind1=" " ind2=" ">
            <subfield code="a">(DHL)950347</subfield>
        </datafield>
        <datafield tag="039" ind1=" " ind2=" ">
            <subfield code="a">DHU</subfield>
        </datafield>
        <datafield tag="040" ind1=" " ind2=" ">
            <subfield code="a">NNUN</subfield>
            <subfield code="b">eng</subfield>
        </datafield>
        <datafield tag="041" ind1=" " ind2=" ">
            <subfield code="a">arachiengfrerusspa</subfield>
        </datafield>
        <datafield tag="049" ind1=" " ind2=" ">
            <subfield code="a">usa</subfield>
        </datafield>
        <datafield tag="089" ind1=" " ind2=" ">
            <subfield code="b">B04</subfield>
        </datafield>
        <datafield tag="089" ind1=" " ind2=" ">
            <subfield code="b">B02</subfield>
        </datafield>
        <datafield tag="091" ind1=" " ind2=" ">
            <subfield code="a">GEN</subfield>
        </datafield>
        <datafield tag="099" ind1=" " ind2=" ">
            <subfield code="a">UNH</subfield>
            <subfield code="b">DHU</subfield>
            <subfield code="c">E(01)/R3</subfield>
            <subfield code="q">E01R3</subfield>
        </datafield>
        <datafield tag="191" ind1=" " ind2=" ">
            <subfield code="0">1228995</subfield>
            <subfield code="9">C00</subfield>
            <subfield code="a">E/2011/43</subfield>
            <subfield code="b">E/</subfield>
            <subfield code="c">2011-S</subfield>
            <subfield code="q">E201143</subfield>
            <subfield code="r">E2011S</subfield>
        </datafield>
        <datafield tag="191" ind1=" " ind2=" ">
            <subfield code="0">1230015</subfield>
            <subfield code="a">E/C.19/2011/14</subfield>
            <subfield code="b">E/C.19/</subfield>
            <subfield code="c">10</subfield>
            <subfield code="q">EC19201114</subfield>
            <subfield code="r">EC1910</subfield>
        </datafield>
        <datafield tag="245" ind1="1" ind2="0">
            <subfield code="a">Permanent Forum on Indigenous Issues :</subfield>
            <subfield code="b">report on the 10th session (16-27 May 2011)</subfield>
        </datafield>
        <datafield tag="260" ind1=" " ind2=" ">
            <subfield code="a">New York :</subfield>
            <subfield code="b">UN,</subfield>
            <subfield code="c">2011</subfield>
        </datafield>
        <datafield tag="269" ind1=" " ind2=" ">
            <subfield code="a">2011</subfield>
        </datafield>
        <datafield tag="300" ind1=" " ind2=" ">
            <subfield code="a">iii, 27 p.</subfield>
        </datafield>
        <datafield tag="495" ind1=" " ind2=" ">
            <subfield code="a">ESCOR, 2011, Suppl. no. 23</subfield>
        </datafield>
        <datafield tag="610" ind1="2" ind2="7">
            <subfield code="0">1224068</subfield>
            <subfield code="2">unbisn</subfield>
            <subfield code="a">UN. Permanent Forum on Indigenous Issues (10th sess. : 2011 : New York)</subfield>
        </datafield>
        <datafield tag="610" ind1="2" ind2="7">
            <subfield code="0">1231339</subfield>
            <subfield code="2">unbisn</subfield>
            <subfield code="a">UN. Permanent Forum on Indigenous Issues (10th sess. : 2011 : New York)</subfield>
            <subfield code="g">Work organization</subfield>
        </datafield>
        <datafield tag="610" ind1="2" ind2="7">
            <subfield code="0">1232828</subfield>
            <subfield code="2">unbisn</subfield>
            <subfield code="a">UN. Permanent Forum on Indigenous Issues (10th sess. : 2011 : New York)</subfield>
            <subfield code="g">Resolutions and decisions</subfield>
        </datafield>
        <datafield tag="610" ind1="2" ind2="7">
            <subfield code="0">1232830</subfield>
            <subfield code="2">unbisn</subfield>
            <subfield code="a">UN. Permanent Forum on Indigenous Issues (11th sess. : 2012 : New York)</subfield>
            <subfield code="g">Agenda</subfield>
        </datafield>
        <datafield tag="610" ind1="0" ind2="7">
            <subfield code="0">1124743</subfield>
            <subfield code="2">unbisn</subfield>
            <subfield code="a">UN. Permanent Forum on Indigenous Issues</subfield>
            <subfield code="g">Recommendations</subfield>
        </datafield>
        <datafield tag="610" ind1="2" ind2="7">
            <subfield code="0">864493</subfield>
            <subfield code="2">unbisn</subfield>
            <subfield code="a">UNICEF</subfield>
        </datafield>
        <datafield tag="611" ind1="2" ind2="7">
            <subfield code="0">1232831</subfield>
            <subfield code="2">unbisn</subfield>
            <subfield code="a">International Expert Group Meeting on the Theme "Combating Violence against Indigenous Women and Girls: Article 22 of the United Nations Declaration on the Rights of Indigenous Peoples" (2011 : New York)</subfield>
        </datafield>
        <datafield tag="611" ind1="2" ind2="7">
            <subfield code="0">1219296</subfield>
            <subfield code="2">unbisn</subfield>
            <subfield code="a">UN Conference on Sustainable Development (2012 : Rio de Janeiro, Brazil)</subfield>
        </datafield>
        <datafield tag="611" ind1="2" ind2="7">
            <subfield code="0">1227656</subfield>
            <subfield code="2">unbisn</subfield>
            <subfield code="a">World Conference on Indigenous Peoples (2014 : New York)</subfield>
        </datafield>
        <datafield tag="650" ind1="1" ind2="7">
            <subfield code="0">1280189</subfield>
            <subfield code="2">unbist</subfield>
            <subfield code="a">INDIGENOUS PEOPLES</subfield>
        </datafield>
        <datafield tag="650" ind1="1" ind2="7">
            <subfield code="0">1278754</subfield>
            <subfield code="2">unbist</subfield>
            <subfield code="a">ENVIRONMENTAL MANAGEMENT</subfield>
        </datafield>
        <datafield tag="650" ind1="1" ind2="7">
            <subfield code="0">1283776</subfield>
            <subfield code="2">unbist</subfield>
            <subfield code="a">INFORMED CONSENT</subfield>
        </datafield>
        <datafield tag="650" ind1="1" ind2="7">
            <subfield code="0">1281052</subfield>
            <subfield code="2">unbist</subfield>
            <subfield code="a">HUMAN RIGHTS</subfield>
        </datafield>
        <datafield tag="650" ind1="1" ind2="7">
            <subfield code="0">1284384</subfield>
            <subfield code="2">unbist</subfield>
            <subfield code="a">GENDER-BASED VIOLENCE</subfield>
        </datafield>
        <datafield tag="650" ind1="2" ind2="7">
            <subfield code="0">1284603</subfield>
            <subfield code="2">unbist</subfield>
            <subfield code="a">RIGHT TO DRINKING WATER</subfield>
        </datafield>
        <datafield tag="650" ind1="2" ind2="7">
            <subfield code="0">1284353</subfield>
            <subfield code="2">unbist</subfield>
            <subfield code="a">GENDER EQUALITY</subfield>
        </datafield>
        <datafield tag="710" ind1="2" ind2=" ">
            <subfield code="0">1224068</subfield>
            <subfield code="a">UN. Permanent Forum on Indigenous Issues (10th sess. : 2011 : New York)</subfield>
        </datafield>
        <datafield tag="830" ind1=" " ind2=" ">
            <subfield code="0">1275403</subfield>
            <subfield code="a">Economic and Social Council. Official Records. Supplement</subfield>
        </datafield>
        <datafield tag="830" ind1=" " ind2=" ">
            <subfield code="0">1275625</subfield>
            <subfield code="a">Report of the Permanent Forum on Indigenous Issues</subfield>
        </datafield>
        <datafield tag="856" ind1="4" ind2=" ">
            <subfield code="s">305874</subfield>
            <subfield code="u">http://digitallibrary.un.org/record/706405/files/E_2011_43_E_C.19_2011_14-AR.pdf</subfield>
            <subfield code="y">العربية</subfield>
        </datafield>
        <datafield tag="856" ind1="4" ind2=" ">
            <subfield code="s">319116</subfield>
            <subfield code="u">http://digitallibrary.un.org/record/706405/files/E_2011_43_E_C.19_2011_14-ZH.pdf</subfield>
            <subfield code="y">中文</subfield>
        </datafield>
        <datafield tag="856" ind1="4" ind2=" ">
            <subfield code="s">135661</subfield>
            <subfield code="u">http://digitallibrary.un.org/record/706405/files/E_2011_43_E_C.19_2011_14-EN.pdf</subfield>
            <subfield code="y">English</subfield>
        </datafield>
        <datafield tag="856" ind1="4" ind2=" ">
            <subfield code="s">154901</subfield>
            <subfield code="u">http://digitallibrary.un.org/record/706405/files/E_2011_43_E_C.19_2011_14-FR.pdf</subfield>
            <subfield code="y">Français</subfield>
        </datafield>
        <datafield tag="856" ind1="4" ind2=" ">
            <subfield code="s">446331</subfield>
            <subfield code="u">http://digitallibrary.un.org/record/706405/files/E_2011_43_E_C.19_2011_14-RU.pdf</subfield>
            <subfield code="y">Русский</subfield>
        </datafield>
        <datafield tag="856" ind1="4" ind2=" ">
            <subfield code="s">151462</subfield>
            <subfield code="u">http://digitallibrary.un.org/record/706405/files/E_2011_43_E_C.19_2011_14-ES.pdf</subfield>
            <subfield code="y">Español</subfield>
        </datafield>
        <datafield tag="930" ind1=" " ind2=" ">
            <subfield code="a">UNDJL11</subfield>
        </datafield>
        <datafield tag="949" ind1=" " ind2=" ">
            <subfield code="9">E(01)/R3</subfield>
            <subfield code="b">10000000950347</subfield>
            <subfield code="c">c. 1</subfield>
            <subfield code="d">20110706200000</subfield>
            <subfield code="i">1788031</subfield>
            <subfield code="k">unes</subfield>
            <subfield code="l">DHL</subfield>
            <subfield code="m">14day</subfield>
            <subfield code="z">t</subfield>
        </datafield>
        <datafield tag="949" ind1=" " ind2=" ">
            <subfield code="9">E/C.19/2011/14</subfield>
            <subfield code="b">1788040.9.1</subfield>
            <subfield code="c">c. 1</subfield>
            <subfield code="d">20110706200000</subfield>
            <subfield code="i">1788040</subfield>
            <subfield code="k">unfs</subfield>
            <subfield code="l">DHL</subfield>
            <subfield code="m">14day</subfield>
            <subfield code="z">t</subfield>
        </datafield>
        <datafield tag="949" ind1=" " ind2=" ">
            <subfield code="9">E/C.19/2011/14</subfield>
            <subfield code="b">1788041.10.1</subfield>
            <subfield code="c">c. 1</subfield>
            <subfield code="d">20110706200000</subfield>
            <subfield code="i">1788041</subfield>
            <subfield code="k">unrs</subfield>
            <subfield code="l">DHL</subfield>
            <subfield code="m">14day</subfield>
            <subfield code="z">t</subfield>
        </datafield>
        <datafield tag="949" ind1=" " ind2=" ">
            <subfield code="9">E(01)/R3</subfield>
            <subfield code="b">1788034.3.1</subfield>
            <subfield code="c">c. 1</subfield>
            <subfield code="d">20110706200000</subfield>
            <subfield code="i">1788034</subfield>
            <subfield code="k">unfs</subfield>
            <subfield code="l">DHL</subfield>
            <subfield code="m">14day</subfield>
            <subfield code="z">t</subfield>
        </datafield>
        <datafield tag="949" ind1=" " ind2=" ">
            <subfield code="9">E(01)/R3</subfield>
            <subfield code="b">1788035.4.1</subfield>
            <subfield code="c">c. 1</subfield>
            <subfield code="d">20110706200000</subfield>
            <subfield code="i">1788035</subfield>
            <subfield code="k">unrs</subfield>
            <subfield code="l">DHL</subfield>
            <subfield code="m">14day</subfield>
            <subfield code="z">t</subfield>
        </datafield>
        <datafield tag="949" ind1=" " ind2=" ">
            <subfield code="9">E/C.19/2011/14</subfield>
            <subfield code="b">1788039.8.1</subfield>
            <subfield code="c">c. 1</subfield>
            <subfield code="d">20110706200000</subfield>
            <subfield code="i">1788039</subfield>
            <subfield code="k">unes</subfield>
            <subfield code="l">DHL</subfield>
            <subfield code="m">14day</subfield>
            <subfield code="z">t</subfield>
        </datafield>
        <datafield tag="949" ind1=" " ind2=" ">
            <subfield code="9">E(01)/R3</subfield>
            <subfield code="b">1788032.1.1</subfield>
            <subfield code="c">c. 1</subfield>
            <subfield code="d">20110706200000</subfield>
            <subfield code="i">1788032</subfield>
            <subfield code="k">unas</subfield>
            <subfield code="l">DHL</subfield>
            <subfield code="m">14day</subfield>
            <subfield code="z">t</subfield>
        </datafield>
        <datafield tag="949" ind1=" " ind2=" ">
            <subfield code="9">E(01)/R3</subfield>
            <subfield code="b">1788036.5.1</subfield>
            <subfield code="c">c. 1</subfield>
            <subfield code="d">20110706200000</subfield>
            <subfield code="i">1788036</subfield>
            <subfield code="k">unss</subfield>
            <subfield code="l">DHL</subfield>
            <subfield code="m">14day</subfield>
            <subfield code="z">t</subfield>
        </datafield>
        <datafield tag="949" ind1=" " ind2=" ">
            <subfield code="9">E(01)/R3</subfield>
            <subfield code="b">1788033.2.1</subfield>
            <subfield code="c">c. 1</subfield>
            <subfield code="d">20110706200000</subfield>
            <subfield code="i">1788033</subfield>
            <subfield code="k">uncs</subfield>
            <subfield code="l">DHL</subfield>
            <subfield code="m">14day</subfield>
            <subfield code="z">t</subfield>
        </datafield>
        <datafield tag="949" ind1=" " ind2=" ">
            <subfield code="9">E/C.19/2011/14</subfield>
            <subfield code="b">1788038.7.1</subfield>
            <subfield code="c">c. 1</subfield>
            <subfield code="d">20110706200000</subfield>
            <subfield code="i">1788038</subfield>
            <subfield code="k">uncs</subfield>
            <subfield code="l">DHL</subfield>
            <subfield code="m">14day</subfield>
            <subfield code="z">t</subfield>
        </datafield>
        <datafield tag="949" ind1=" " ind2=" ">
            <subfield code="9">E/C.19/2011/14</subfield>
            <subfield code="b">1788042.11.1</subfield>
            <subfield code="c">c. 1</subfield>
            <subfield code="d">20110706200000</subfield>
            <subfield code="i">1788042</subfield>
            <subfield code="k">unss</subfield>
            <subfield code="l">DHL</subfield>
            <subfield code="m">14day</subfield>
            <subfield code="z">t</subfield>
        </datafield>
        <datafield tag="949" ind1=" " ind2=" ">
            <subfield code="9">E/C.19/2011/14</subfield>
            <subfield code="b">1788037.6.1</subfield>
            <subfield code="c">c. 1</subfield>
            <subfield code="d">20110706200000</subfield>
            <subfield code="i">1788037</subfield>
            <subfield code="k">unas</subfield>
            <subfield code="l">DHL</subfield>
            <subfield code="m">14day</subfield>
            <subfield code="z">t</subfield>
        </datafield>
        <datafield tag="980" ind1=" " ind2=" ">
            <subfield code="a">BIB</subfield>
        </datafield>
        <datafield tag="989" ind1=" " ind2=" ">
            <subfield code="a">Documents and Publications</subfield>
            <subfield code="b">Reports</subfield>
            <subfield code="c">Annual and Sessional Reports</subfield>
        </datafield>
        <datafield tag="989" ind1=" " ind2=" ">
            <subfield code="a">Documents and Publications</subfield>
            <subfield code="b">Publications</subfield>
        </datafield>
        <datafield tag="989" ind1=" " ind2=" ">
            <subfield code="a">Documents and Publications</subfield>
            <subfield code="b">Draft Resolutions and Decisions</subfield>
        </datafield>
        <datafield tag="991" ind1="2" ind2=" ">
            <subfield code="0">1232188</subfield>
            <subfield code="a">E/2011/100</subfield>
            <subfield code="b">14h</subfield>
            <subfield code="c">Permanent Forum on Indigenous Issues.</subfield>
            <subfield code="d">UN. PERMANENT FORUM ON INDIGENOUS ISSUES</subfield>
            <subfield code="z">I</subfield>
        </datafield>
        <datafield tag="998" ind1=" " ind2=" ">
            <subfield code="a">20110707045300</subfield>
            <subfield code="b">pnser</subfield>
            <subfield code="c">20170206095600</subfield>
            <subfield code="d">tbcat</subfield>
        </datafield>
        <datafield tag="999" ind1=" " ind2=" ">
            <subfield code="a">jmc20110707</subfield>
            <subfield code="b">20110707</subfield>
            <subfield code="c">c</subfield>
        </datafield>
        <datafield tag="999" ind1=" " ind2=" ">
            <subfield code="a">pnq20110707</subfield>
            <subfield code="b">20110707</subfield>
            <subfield code="c">q</subfield>
        </datafield>
        <datafield tag="999" ind1=" " ind2=" ">
            <subfield code="a">slr20110707</subfield>
            <subfield code="b">20110707</subfield>
            <subfield code="c">r</subfield>
        </datafield>
        <datafield tag="999" ind1=" " ind2=" ">
            <subfield code="a">slt20110707</subfield>
            <subfield code="b">20110707</subfield>
            <subfield code="c">t</subfield>
        </datafield>
        <datafield tag="999" ind1=" " ind2=" ">
            <subfield code="a">vwt20110729</subfield>
            <subfield code="b">20110729</subfield>
            <subfield code="c">t</subfield>
        </datafield>
        <datafield tag="999" ind1=" " ind2=" ">
            <subfield code="a">tbu20170206</subfield>
            <subfield code="b">20170206</subfield>
            <subfield code="c">u</subfield>
        </datafield>
    </record>