

    
    <record>
        <controlfield tag="001">704599</controlfield>
        <controlfield tag="000">00000nam\\2200025#a\4500</controlfield>
        <controlfield tag="005">20170412203811.0</controlfield>
        <controlfield tag="008">110608s2011\\\\usa\\\\#r\\\\\|||1|\eng\d</controlfield>
        <datafield tag="029" ind1=" " ind2=" ">
            <subfield code="a">JN</subfield>
            <subfield code="b">N1131105 E</subfield>
        </datafield>
        <datafield tag="035" ind1=" " ind2=" ">
            <subfield code="a">D0380702</subfield>
        </datafield>
        <datafield tag="035" ind1=" " ind2=" ">
            <subfield code="a">(DHL)948288</subfield>
        </datafield>
        <datafield tag="039" ind1=" " ind2=" ">
            <subfield code="a">DHU</subfield>
        </datafield>
        <datafield tag="040" ind1=" " ind2=" ">
            <subfield code="a">NNUN</subfield>
            <subfield code="b">eng</subfield>
        </datafield>
        <datafield tag="041" ind1=" " ind2=" ">
            <subfield code="a">arachiengfrerusspa</subfield>
        </datafield>
        <datafield tag="049" ind1=" " ind2=" ">
            <subfield code="a">usa</subfield>
        </datafield>
        <datafield tag="089" ind1=" " ind2=" ">
            <subfield code="b">B03</subfield>
        </datafield>
        <datafield tag="091" ind1=" " ind2=" ">
            <subfield code="a">GEN</subfield>
        </datafield>
        <datafield tag="099" ind1=" " ind2=" ">
            <subfield code="a">UNH</subfield>
            <subfield code="b">DHU</subfield>
        </datafield>
        <datafield tag="191" ind1=" " ind2=" ">
            <subfield code="0">1221254</subfield>
            <subfield code="9">G88</subfield>
            <subfield code="a">A/65/PV.87</subfield>
            <subfield code="b">A/</subfield>
            <subfield code="c">65</subfield>
            <subfield code="q">A65PV87</subfield>
            <subfield code="r">A65</subfield>
        </datafield>
        <datafield tag="245" ind1="1" ind2="0">
            <subfield code="a">General Assembly official records, 65th session :</subfield>
            <subfield code="b">87th plenary meeting, Tuesday, 26 April 2011, New York</subfield>
        </datafield>
        <datafield tag="260" ind1=" " ind2=" ">
            <subfield code="a">[New York] :</subfield>
            <subfield code="b">UN,</subfield>
            <subfield code="c">[2011]</subfield>
        </datafield>
        <datafield tag="269" ind1=" " ind2=" ">
            <subfield code="a">2011</subfield>
        </datafield>
        <datafield tag="300" ind1=" " ind2=" ">
            <subfield code="a">11 p.</subfield>
        </datafield>
        <datafield tag="495" ind1=" " ind2=" ">
            <subfield code="a">GAOR, 65th sess., Meeting records</subfield>
        </datafield>
        <datafield tag="610" ind1="2" ind2="7">
            <subfield code="0">936095</subfield>
            <subfield code="2">unbisn</subfield>
            <subfield code="a">UN</subfield>
            <subfield code="g">Budget contributions</subfield>
        </datafield>
        <datafield tag="650" ind1="1" ind2="7">
            <subfield code="0">1282424</subfield>
            <subfield code="2">unbist</subfield>
            <subfield code="a">NUCLEAR ACCIDENTS</subfield>
        </datafield>
        <datafield tag="650" ind1="1" ind2="7">
            <subfield code="0">1280591</subfield>
            <subfield code="2">unbist</subfield>
            <subfield code="a">RADIATION EFFECTS</subfield>
        </datafield>
        <datafield tag="651" ind1="1" ind2="7">
            <subfield code="0">1276961</subfield>
            <subfield code="2">unbist</subfield>
            <subfield code="a">CHERNOBYL (UKRAINE)</subfield>
        </datafield>
        <datafield tag="651" ind1="1" ind2="7">
            <subfield code="0">1283935</subfield>
            <subfield code="2">unbist</subfield>
            <subfield code="a">UKRAINE</subfield>
        </datafield>
        <datafield tag="793" ind1=" " ind2=" ">
            <subfield code="a">PL</subfield>
        </datafield>
        <datafield tag="856" ind1="4" ind2=" ">
            <subfield code="s">205858</subfield>
            <subfield code="u">http://digitallibrary.un.org/record/704599/files/A_65_PV.87-AR.pdf</subfield>
            <subfield code="y">العربية</subfield>
        </datafield>
        <datafield tag="856" ind1="4" ind2=" ">
            <subfield code="s">268853</subfield>
            <subfield code="u">http://digitallibrary.un.org/record/704599/files/A_65_PV.87-ZH.pdf</subfield>
            <subfield code="y">中文</subfield>
        </datafield>
        <datafield tag="856" ind1="4" ind2=" ">
            <subfield code="s">119289</subfield>
            <subfield code="u">http://digitallibrary.un.org/record/704599/files/A_65_PV.87-EN.pdf</subfield>
            <subfield code="y">English</subfield>
        </datafield>
        <datafield tag="856" ind1="4" ind2=" ">
            <subfield code="s">135172</subfield>
            <subfield code="u">http://digitallibrary.un.org/record/704599/files/A_65_PV.87-FR.pdf</subfield>
            <subfield code="y">Français</subfield>
        </datafield>
        <datafield tag="856" ind1="4" ind2=" ">
            <subfield code="s">311733</subfield>
            <subfield code="u">http://digitallibrary.un.org/record/704599/files/A_65_PV.87-RU.pdf</subfield>
            <subfield code="y">Русский</subfield>
        </datafield>
        <datafield tag="856" ind1="4" ind2=" ">
            <subfield code="s">192806</subfield>
            <subfield code="u">http://digitallibrary.un.org/record/704599/files/A_65_PV.87-ES.pdf</subfield>
            <subfield code="y">Español</subfield>
        </datafield>
        <datafield tag="930" ind1=" " ind2=" ">
            <subfield code="a">UNDJN11</subfield>
        </datafield>
        <datafield tag="949" ind1=" " ind2=" ">
            <subfield code="9">A(01)/R3</subfield>
            <subfield code="b">1783805.2.1</subfield>
            <subfield code="c">c. 1</subfield>
            <subfield code="d">20110607200000</subfield>
            <subfield code="i">1783805</subfield>
            <subfield code="k">uncs</subfield>
            <subfield code="l">DHL</subfield>
            <subfield code="m">14day</subfield>
            <subfield code="z">t</subfield>
        </datafield>
        <datafield tag="949" ind1=" " ind2=" ">
            <subfield code="9">A(01)/R3</subfield>
            <subfield code="b">1783808.5.1</subfield>
            <subfield code="c">c. 1</subfield>
            <subfield code="d">20110607200000</subfield>
            <subfield code="i">1783808</subfield>
            <subfield code="k">unss</subfield>
            <subfield code="l">DHL</subfield>
            <subfield code="m">14day</subfield>
            <subfield code="z">t</subfield>
        </datafield>
        <datafield tag="949" ind1=" " ind2=" ">
            <subfield code="9">A(01)/R3</subfield>
            <subfield code="b">1783807.4.1</subfield>
            <subfield code="c">c. 1</subfield>
            <subfield code="d">20110607200000</subfield>
            <subfield code="i">1783807</subfield>
            <subfield code="k">unrs</subfield>
            <subfield code="l">DHL</subfield>
            <subfield code="m">14day</subfield>
            <subfield code="z">t</subfield>
        </datafield>
        <datafield tag="949" ind1=" " ind2=" ">
            <subfield code="9">A(01)/R3</subfield>
            <subfield code="b">1783806.3.1</subfield>
            <subfield code="c">c. 1</subfield>
            <subfield code="d">20110607200000</subfield>
            <subfield code="i">1783806</subfield>
            <subfield code="k">unfs</subfield>
            <subfield code="l">DHL</subfield>
            <subfield code="m">14day</subfield>
            <subfield code="z">t</subfield>
        </datafield>
        <datafield tag="949" ind1=" " ind2=" ">
            <subfield code="9">A(01)/R3</subfield>
            <subfield code="b">10000000948288</subfield>
            <subfield code="c">c. 1</subfield>
            <subfield code="d">20110607200000</subfield>
            <subfield code="i">1783803</subfield>
            <subfield code="k">unes</subfield>
            <subfield code="l">DHL</subfield>
            <subfield code="m">14day</subfield>
            <subfield code="z">t</subfield>
        </datafield>
        <datafield tag="949" ind1=" " ind2=" ">
            <subfield code="9">A(01)/R3</subfield>
            <subfield code="b">1783804.1.1</subfield>
            <subfield code="c">c. 1</subfield>
            <subfield code="d">20110607200000</subfield>
            <subfield code="i">1783804</subfield>
            <subfield code="k">unas</subfield>
            <subfield code="l">DHL</subfield>
            <subfield code="m">14day</subfield>
            <subfield code="z">t</subfield>
        </datafield>
        <datafield tag="980" ind1=" " ind2=" ">
            <subfield code="a">BIB</subfield>
        </datafield>
        <datafield tag="989" ind1=" " ind2=" ">
            <subfield code="a">Documents and Publications</subfield>
            <subfield code="b">Meeting Records</subfield>
            <subfield code="c">Verbatim Records</subfield>
        </datafield>
        <datafield tag="991" ind1="1" ind2=" ">
            <subfield code="0">1222076</subfield>
            <subfield code="a">A/65/251</subfield>
            <subfield code="b">133</subfield>
            <subfield code="c">Scale of assessments for the apportionment of the expenses of the United Nations.</subfield>
            <subfield code="d">UN--BUDGET CONTRIBUTIONS</subfield>
            <subfield code="e">At the 87th meeting, the Assembly took note of the information in A/65/691/Add.9 that Grenada had made the necessary payment to reduce its arrears below the amount specified in Art. 19 of the Charter</subfield>
            <subfield code="z">I</subfield>
        </datafield>
        <datafield tag="991" ind1="1" ind2=" ">
            <subfield code="0">1221519</subfield>
            <subfield code="a">A/65/251</subfield>
            <subfield code="b">69c</subfield>
            <subfield code="c">Strengthening of international cooperation and coordination of efforts to study, mitigate and minimize the consequences of the Chernobyl disaster.</subfield>
            <subfield code="d">NUCLEAR ACCIDENTS--CHERNOBYL (UKRAINE)</subfield>
            <subfield code="z">I</subfield>
        </datafield>
        <datafield tag="991" ind1="1" ind2=" ">
            <subfield code="0">1221275</subfield>
            <subfield code="a">A/65/251</subfield>
            <subfield code="b">2</subfield>
            <subfield code="c">Minute of silent prayer or meditation.</subfield>
            <subfield code="d">UN. GENERAL ASSEMBLY (65TH SESS. : 2010-2011)--PRAYER OR MEDITATION</subfield>
            <subfield code="e">At the 87th meeting, members of the General Assembly observed a minute of silent in tribute to the victims of the Chernobyl disaster</subfield>
            <subfield code="z">I</subfield>
        </datafield>
        <datafield tag="992" ind1=" " ind2=" ">
            <subfield code="a">20110426</subfield>
        </datafield>
        <datafield tag="998" ind1=" " ind2=" ">
            <subfield code="a">20110608050400</subfield>
            <subfield code="b">pnser</subfield>
            <subfield code="c">20121003124500</subfield>
            <subfield code="d">vwcat2</subfield>
        </datafield>
        <datafield tag="999" ind1=" " ind2=" ">
            <subfield code="a">pnq20110608</subfield>
            <subfield code="b">20110608</subfield>
            <subfield code="c">q</subfield>
        </datafield>
        <datafield tag="999" ind1=" " ind2=" ">
            <subfield code="a">mhc20110608</subfield>
            <subfield code="b">20110608</subfield>
            <subfield code="c">c</subfield>
        </datafield>
        <datafield tag="999" ind1=" " ind2=" ">
            <subfield code="a">slr20110609</subfield>
            <subfield code="b">20110609</subfield>
            <subfield code="c">r</subfield>
        </datafield>
        <datafield tag="999" ind1=" " ind2=" ">
            <subfield code="a">vwt20110614</subfield>
            <subfield code="b">20110614</subfield>
            <subfield code="c">t</subfield>
        </datafield>
        <datafield tag="999" ind1=" " ind2=" ">
            <subfield code="a">vwu20120217</subfield>
            <subfield code="b">20120217</subfield>
            <subfield code="c">u</subfield>
        </datafield>
        <datafield tag="999" ind1=" " ind2=" ">
            <subfield code="a">vwu20121003</subfield>
            <subfield code="b">20121003</subfield>
            <subfield code="c">u</subfield>
        </datafield>
    </record>