

    
    <record>
        <controlfield tag="001">703800</controlfield>
        <controlfield tag="000">00000nam\\2200025#a\4500</controlfield>
        <controlfield tag="005">20170412220452.0</controlfield>
        <controlfield tag="008">110525s2011\\\\usa\\\\#r\\\\\|||1|\eng\d</controlfield>
        <datafield tag="022" ind1=" " ind2=" ">
            <subfield code="a">1728-0036</subfield>
        </datafield>
        <datafield tag="029" ind1=" " ind2=" ">
            <subfield code="a">JN</subfield>
            <subfield code="b">N1132084 E</subfield>
        </datafield>
        <datafield tag="035" ind1=" " ind2=" ">
            <subfield code="a">D0380541</subfield>
        </datafield>
        <datafield tag="035" ind1=" " ind2=" ">
            <subfield code="a">(DHL)947385</subfield>
        </datafield>
        <datafield tag="039" ind1=" " ind2=" ">
            <subfield code="a">DHU</subfield>
        </datafield>
        <datafield tag="040" ind1=" " ind2=" ">
            <subfield code="a">NNUN</subfield>
            <subfield code="b">eng</subfield>
        </datafield>
        <datafield tag="041" ind1=" " ind2=" ">
            <subfield code="a">arachiengfrerusspa</subfield>
        </datafield>
        <datafield tag="049" ind1=" " ind2=" ">
            <subfield code="a">usa</subfield>
        </datafield>
        <datafield tag="089" ind1=" " ind2=" ">
            <subfield code="b">B04</subfield>
        </datafield>
        <datafield tag="089" ind1=" " ind2=" ">
            <subfield code="b">B02</subfield>
        </datafield>
        <datafield tag="091" ind1=" " ind2=" ">
            <subfield code="a">GEN</subfield>
        </datafield>
        <datafield tag="099" ind1=" " ind2=" ">
            <subfield code="a">UNH</subfield>
            <subfield code="b">DHU</subfield>
            <subfield code="c">E(01)/R3</subfield>
            <subfield code="q">E01R3</subfield>
        </datafield>
        <datafield tag="191" ind1=" " ind2=" ">
            <subfield code="0">1228995</subfield>
            <subfield code="9">C00</subfield>
            <subfield code="a">E/2011/44</subfield>
            <subfield code="b">E/</subfield>
            <subfield code="c">2011-S</subfield>
            <subfield code="q">E201144</subfield>
            <subfield code="r">E2011S</subfield>
        </datafield>
        <datafield tag="191" ind1=" " ind2=" ">
            <subfield code="0">1229317</subfield>
            <subfield code="a">E/C.16/2011/5</subfield>
            <subfield code="b">E/C.16/</subfield>
            <subfield code="c">10</subfield>
            <subfield code="q">EC1620115</subfield>
            <subfield code="r">EC1610</subfield>
        </datafield>
        <datafield tag="245" ind1="1" ind2="0">
            <subfield code="a">Committee of Experts on Public Administration :</subfield>
            <subfield code="b">report on the 10th session (4-8 April 2011)</subfield>
        </datafield>
        <datafield tag="260" ind1=" " ind2=" ">
            <subfield code="a">New York :</subfield>
            <subfield code="b">UN,</subfield>
            <subfield code="c">2011</subfield>
        </datafield>
        <datafield tag="269" ind1=" " ind2=" ">
            <subfield code="a">2011</subfield>
        </datafield>
        <datafield tag="300" ind1=" " ind2=" ">
            <subfield code="a">iv, 21 p.</subfield>
        </datafield>
        <datafield tag="495" ind1=" " ind2=" ">
            <subfield code="a">ESCOR, 2011, Suppl. no. 24</subfield>
        </datafield>
        <datafield tag="500" ind1=" " ind2=" ">
            <subfield code="a">"Annex : List of documents": p. 21.</subfield>
        </datafield>
        <datafield tag="610" ind1="2" ind2="7">
            <subfield code="0">1224781</subfield>
            <subfield code="2">unbisn</subfield>
            <subfield code="a">UN. Economic and Social Council. Committee of Experts on Public Administration (10th : 2011 : New York)</subfield>
        </datafield>
        <datafield tag="610" ind1="2" ind2="7">
            <subfield code="0">1224740</subfield>
            <subfield code="2">unbisn</subfield>
            <subfield code="a">UN. Economic and Social Council. Committee of Experts on Public Administration (10th : 2011 : New York)</subfield>
            <subfield code="g">Agenda</subfield>
        </datafield>
        <datafield tag="610" ind1="2" ind2="7">
            <subfield code="0">1228351</subfield>
            <subfield code="2">unbisn</subfield>
            <subfield code="a">UN. Economic and Social Council. Committee of Experts on Public Administration (10th : 2011 : New York)</subfield>
            <subfield code="g">Work organization</subfield>
        </datafield>
        <datafield tag="610" ind1="2" ind2="7">
            <subfield code="0">1232530</subfield>
            <subfield code="2">unbisn</subfield>
            <subfield code="a">UN. Economic and Social Council. Committee of Experts on Public Administration (11th : 2012 : New York)</subfield>
        </datafield>
        <datafield tag="610" ind1="2" ind2="7">
            <subfield code="0">1127833</subfield>
            <subfield code="2">unbisn</subfield>
            <subfield code="a">UN Programme on Public Administration and Finance</subfield>
        </datafield>
        <datafield tag="610" ind1="2" ind2="7">
            <subfield code="0">1158684</subfield>
            <subfield code="2">unbisn</subfield>
            <subfield code="a">UN. Department of Economic and Social Affairs. Division for Public Administration and Development Management</subfield>
        </datafield>
        <datafield tag="650" ind1="1" ind2="7">
            <subfield code="0">1284277</subfield>
            <subfield code="2">unbist</subfield>
            <subfield code="a">GOVERNANCE</subfield>
        </datafield>
        <datafield tag="650" ind1="1" ind2="7">
            <subfield code="0">1278453</subfield>
            <subfield code="2">unbist</subfield>
            <subfield code="a">PUBLIC ADMINISTRATION</subfield>
        </datafield>
        <datafield tag="650" ind1="1" ind2="7">
            <subfield code="0">1284241</subfield>
            <subfield code="2">unbist</subfield>
            <subfield code="a">CAPACITY BUILDING</subfield>
        </datafield>
        <datafield tag="650" ind1="1" ind2="7">
            <subfield code="0">1278437</subfield>
            <subfield code="2">unbist</subfield>
            <subfield code="a">ACCOUNTABILITY</subfield>
        </datafield>
        <datafield tag="650" ind1="2" ind2="7">
            <subfield code="0">1281649</subfield>
            <subfield code="2">unbist</subfield>
            <subfield code="a">DOCUMENTS</subfield>
        </datafield>
        <datafield tag="710" ind1="2" ind2=" ">
            <subfield code="0">1224781</subfield>
            <subfield code="a">UN. Economic and Social Council. Committee of Experts on Public Administration (10th : 2011 : New York)</subfield>
        </datafield>
        <datafield tag="830" ind1=" " ind2=" ">
            <subfield code="0">1275403</subfield>
            <subfield code="a">Economic and Social Council. Official Records. Supplement</subfield>
        </datafield>
        <datafield tag="830" ind1=" " ind2=" ">
            <subfield code="0">1275601</subfield>
            <subfield code="a">Report of the Committee of Experts on Public Administration</subfield>
        </datafield>
        <datafield tag="856" ind1="4" ind2=" ">
            <subfield code="s">332679</subfield>
            <subfield code="u">http://digitallibrary.un.org/record/703800/files/E_2011_44_E_C.16_2011_5-AR.pdf</subfield>
            <subfield code="y">العربية</subfield>
        </datafield>
        <datafield tag="856" ind1="4" ind2=" ">
            <subfield code="s">331535</subfield>
            <subfield code="u">http://digitallibrary.un.org/record/703800/files/E_2011_44_E_C.16_2011_5-ZH.pdf</subfield>
            <subfield code="y">中文</subfield>
        </datafield>
        <datafield tag="856" ind1="4" ind2=" ">
            <subfield code="s">120374</subfield>
            <subfield code="u">http://digitallibrary.un.org/record/703800/files/E_2011_44_E_C.16_2011_5-EN.pdf</subfield>
            <subfield code="y">English</subfield>
        </datafield>
        <datafield tag="856" ind1="4" ind2=" ">
            <subfield code="s">137976</subfield>
            <subfield code="u">http://digitallibrary.un.org/record/703800/files/E_2011_44_E_C.16_2011_5-FR.pdf</subfield>
            <subfield code="y">Français</subfield>
        </datafield>
        <datafield tag="856" ind1="4" ind2=" ">
            <subfield code="s">429686</subfield>
            <subfield code="u">http://digitallibrary.un.org/record/703800/files/E_2011_44_E_C.16_2011_5-RU.pdf</subfield>
            <subfield code="y">Русский</subfield>
        </datafield>
        <datafield tag="856" ind1="4" ind2=" ">
            <subfield code="s">235633</subfield>
            <subfield code="u">http://digitallibrary.un.org/record/703800/files/E_2011_44_E_C.16_2011_5-ES.pdf</subfield>
            <subfield code="y">Español</subfield>
        </datafield>
        <datafield tag="930" ind1=" " ind2=" ">
            <subfield code="a">UNDMY11</subfield>
        </datafield>
        <datafield tag="949" ind1=" " ind2=" ">
            <subfield code="9">E/C.16/2011/5</subfield>
            <subfield code="b">1781893.5.1</subfield>
            <subfield code="c">c. 1</subfield>
            <subfield code="d">20110524200000</subfield>
            <subfield code="i">1781893</subfield>
            <subfield code="k">unrs</subfield>
            <subfield code="l">DHL</subfield>
            <subfield code="m">14day</subfield>
            <subfield code="z">t</subfield>
        </datafield>
        <datafield tag="949" ind1=" " ind2=" ">
            <subfield code="9">E(01)/R3</subfield>
            <subfield code="b">1781887.4.1</subfield>
            <subfield code="c">c. 1</subfield>
            <subfield code="d">20110524200000</subfield>
            <subfield code="i">1781887</subfield>
            <subfield code="k">unrs</subfield>
            <subfield code="l">DHL</subfield>
            <subfield code="m">14day</subfield>
            <subfield code="z">t</subfield>
        </datafield>
        <datafield tag="949" ind1=" " ind2=" ">
            <subfield code="9">E(01)/R3</subfield>
            <subfield code="b">1781886.3.1</subfield>
            <subfield code="c">c. 1</subfield>
            <subfield code="d">20110524200000</subfield>
            <subfield code="i">1781886</subfield>
            <subfield code="k">unfs</subfield>
            <subfield code="l">DHL</subfield>
            <subfield code="m">14day</subfield>
            <subfield code="z">t</subfield>
        </datafield>
        <datafield tag="949" ind1=" " ind2=" ">
            <subfield code="9">E(01)/R3</subfield>
            <subfield code="b">1781884.1.1</subfield>
            <subfield code="c">c. 1</subfield>
            <subfield code="d">20110524200000</subfield>
            <subfield code="i">1781884</subfield>
            <subfield code="k">unes</subfield>
            <subfield code="l">DHL</subfield>
            <subfield code="m">14day</subfield>
            <subfield code="z">t</subfield>
        </datafield>
        <datafield tag="949" ind1=" " ind2=" ">
            <subfield code="9">E/C.16/2011/5</subfield>
            <subfield code="b">1781892.4.1</subfield>
            <subfield code="c">c. 1</subfield>
            <subfield code="d">20110524200000</subfield>
            <subfield code="i">1781892</subfield>
            <subfield code="k">unfs</subfield>
            <subfield code="l">DHL</subfield>
            <subfield code="m">14day</subfield>
            <subfield code="z">t</subfield>
        </datafield>
        <datafield tag="949" ind1=" " ind2=" ">
            <subfield code="9">E/C.16/2011/5</subfield>
            <subfield code="b">1781894.6.1</subfield>
            <subfield code="c">c. 1</subfield>
            <subfield code="d">20110524200000</subfield>
            <subfield code="i">1781894</subfield>
            <subfield code="k">unss</subfield>
            <subfield code="l">DHL</subfield>
            <subfield code="m">14day</subfield>
            <subfield code="z">t</subfield>
        </datafield>
        <datafield tag="949" ind1=" " ind2=" ">
            <subfield code="9">E/C.16/2011/5</subfield>
            <subfield code="b">1781890.2.1</subfield>
            <subfield code="c">c. 1</subfield>
            <subfield code="d">20110524200000</subfield>
            <subfield code="i">1781890</subfield>
            <subfield code="k">unas</subfield>
            <subfield code="l">DHL</subfield>
            <subfield code="m">14day</subfield>
            <subfield code="z">t</subfield>
        </datafield>
        <datafield tag="949" ind1=" " ind2=" ">
            <subfield code="9">E/C.16/2011/5</subfield>
            <subfield code="b">1781889.1.1</subfield>
            <subfield code="c">c. 1</subfield>
            <subfield code="d">20110524200000</subfield>
            <subfield code="i">1781889</subfield>
            <subfield code="k">unes</subfield>
            <subfield code="l">DHL</subfield>
            <subfield code="m">14day</subfield>
            <subfield code="z">t</subfield>
        </datafield>
        <datafield tag="949" ind1=" " ind2=" ">
            <subfield code="9">E(01)/R3</subfield>
            <subfield code="b">1781888.5.1</subfield>
            <subfield code="c">c. 1</subfield>
            <subfield code="d">20110524200000</subfield>
            <subfield code="i">1781888</subfield>
            <subfield code="k">unss</subfield>
            <subfield code="l">DHL</subfield>
            <subfield code="m">14day</subfield>
            <subfield code="z">t</subfield>
        </datafield>
        <datafield tag="949" ind1=" " ind2=" ">
            <subfield code="9">E(01)/R3</subfield>
            <subfield code="b">10000009473851</subfield>
            <subfield code="c">c. 1</subfield>
            <subfield code="d">20110524200000</subfield>
            <subfield code="i">1781883</subfield>
            <subfield code="k">unas</subfield>
            <subfield code="l">DHL</subfield>
            <subfield code="m">14day</subfield>
            <subfield code="z">t</subfield>
        </datafield>
        <datafield tag="949" ind1=" " ind2=" ">
            <subfield code="9">E/C.16/2011/5</subfield>
            <subfield code="b">1781891.3.1</subfield>
            <subfield code="c">c. 1</subfield>
            <subfield code="d">20110524200000</subfield>
            <subfield code="i">1781891</subfield>
            <subfield code="k">uncs</subfield>
            <subfield code="l">DHL</subfield>
            <subfield code="m">14day</subfield>
            <subfield code="z">t</subfield>
        </datafield>
        <datafield tag="949" ind1=" " ind2=" ">
            <subfield code="9">E(01)/R3</subfield>
            <subfield code="b">1781885.2.1</subfield>
            <subfield code="c">c. 1</subfield>
            <subfield code="d">20110524200000</subfield>
            <subfield code="i">1781885</subfield>
            <subfield code="k">uncs</subfield>
            <subfield code="l">DHL</subfield>
            <subfield code="m">14day</subfield>
            <subfield code="z">t</subfield>
        </datafield>
        <datafield tag="980" ind1=" " ind2=" ">
            <subfield code="a">BIB</subfield>
        </datafield>
        <datafield tag="989" ind1=" " ind2=" ">
            <subfield code="a">Documents and Publications</subfield>
            <subfield code="b">Reports</subfield>
            <subfield code="c">Annual and Sessional Reports</subfield>
        </datafield>
        <datafield tag="989" ind1=" " ind2=" ">
            <subfield code="a">Documents and Publications</subfield>
            <subfield code="b">Publications</subfield>
        </datafield>
        <datafield tag="989" ind1=" " ind2=" ">
            <subfield code="a">Documents and Publications</subfield>
            <subfield code="b">Draft Resolutions and Decisions</subfield>
        </datafield>
        <datafield tag="991" ind1="2" ind2=" ">
            <subfield code="0">1232173</subfield>
            <subfield code="a">E/2011/100</subfield>
            <subfield code="b">13g</subfield>
            <subfield code="c">Public administration and development.</subfield>
            <subfield code="d">PUBLIC ADMINISTRATION</subfield>
            <subfield code="z">I</subfield>
        </datafield>
        <datafield tag="998" ind1=" " ind2=" ">
            <subfield code="a">20110525051100</subfield>
            <subfield code="b">bccat</subfield>
            <subfield code="c">20170113114200</subfield>
            <subfield code="d">tbcat</subfield>
        </datafield>
        <datafield tag="999" ind1=" " ind2=" ">
            <subfield code="a">jmr20110603</subfield>
            <subfield code="b">20110603</subfield>
            <subfield code="c">r</subfield>
        </datafield>
        <datafield tag="999" ind1=" " ind2=" ">
            <subfield code="a">bcq20110525</subfield>
            <subfield code="b">20110525</subfield>
            <subfield code="c">q</subfield>
        </datafield>
        <datafield tag="999" ind1=" " ind2=" ">
            <subfield code="a">skic20110525</subfield>
            <subfield code="b">20110525</subfield>
            <subfield code="c">c</subfield>
        </datafield>
        <datafield tag="999" ind1=" " ind2=" ">
            <subfield code="a">vwt20110729</subfield>
            <subfield code="b">20110729</subfield>
            <subfield code="c">t</subfield>
        </datafield>
        <datafield tag="999" ind1=" " ind2=" ">
            <subfield code="a">tbu20170113</subfield>
            <subfield code="b">20170113</subfield>
            <subfield code="c">u</subfield>
        </datafield>
    </record>