

    
    <record>
        <controlfield tag="001">703799</controlfield>
        <controlfield tag="000">00000nam\\2200025#a\4500</controlfield>
        <controlfield tag="005">20170412220452.0</controlfield>
        <controlfield tag="008">110525s2011\\\\usa\\\\#r\\\\\|||1|\eng\d</controlfield>
        <datafield tag="022" ind1=" " ind2=" ">
            <subfield code="a">0251-7760</subfield>
        </datafield>
        <datafield tag="029" ind1=" " ind2=" ">
            <subfield code="a">JN</subfield>
            <subfield code="b">N1131423 E</subfield>
        </datafield>
        <datafield tag="035" ind1=" " ind2=" ">
            <subfield code="a">D0380540</subfield>
        </datafield>
        <datafield tag="035" ind1=" " ind2=" ">
            <subfield code="a">(DHL)947384</subfield>
        </datafield>
        <datafield tag="039" ind1=" " ind2=" ">
            <subfield code="a">DHU</subfield>
        </datafield>
        <datafield tag="040" ind1=" " ind2=" ">
            <subfield code="a">NNUN</subfield>
            <subfield code="b">eng</subfield>
        </datafield>
        <datafield tag="041" ind1=" " ind2=" ">
            <subfield code="a">arachiengfrerusspa</subfield>
        </datafield>
        <datafield tag="049" ind1=" " ind2=" ">
            <subfield code="a">usa</subfield>
        </datafield>
        <datafield tag="089" ind1=" " ind2=" ">
            <subfield code="b">B02</subfield>
        </datafield>
        <datafield tag="089" ind1=" " ind2=" ">
            <subfield code="b">B04</subfield>
        </datafield>
        <datafield tag="091" ind1=" " ind2=" ">
            <subfield code="a">GEN</subfield>
        </datafield>
        <datafield tag="099" ind1=" " ind2=" ">
            <subfield code="a">UNH</subfield>
            <subfield code="b">DHU</subfield>
            <subfield code="c">E(01)/R3</subfield>
            <subfield code="q">E01R3</subfield>
        </datafield>
        <datafield tag="191" ind1=" " ind2=" ">
            <subfield code="0">1228995</subfield>
            <subfield code="9">C00</subfield>
            <subfield code="a">E/2011/25</subfield>
            <subfield code="b">E/</subfield>
            <subfield code="c">2011-S</subfield>
            <subfield code="q">E201125</subfield>
            <subfield code="r">E2011S</subfield>
        </datafield>
        <datafield tag="191" ind1=" " ind2=" ">
            <subfield code="0">1229492</subfield>
            <subfield code="a">E/CN.9/2011/8</subfield>
            <subfield code="b">E/CN.9/</subfield>
            <subfield code="c">44</subfield>
            <subfield code="q">ECN920118</subfield>
            <subfield code="r">ECN944</subfield>
        </datafield>
        <datafield tag="245" ind1="1" ind2="0">
            <subfield code="a">Commission on Population and Development :</subfield>
            <subfield code="b">report on the 44th session (16 April 2010 and 11-15 April 2011)</subfield>
        </datafield>
        <datafield tag="260" ind1=" " ind2=" ">
            <subfield code="a">New York :</subfield>
            <subfield code="b">UN,</subfield>
            <subfield code="c">2011</subfield>
        </datafield>
        <datafield tag="269" ind1=" " ind2=" ">
            <subfield code="a">2011</subfield>
        </datafield>
        <datafield tag="300" ind1=" " ind2=" ">
            <subfield code="a">vi, 23 p.</subfield>
        </datafield>
        <datafield tag="495" ind1=" " ind2=" ">
            <subfield code="a">ESCOR, 2011, Suppl. no. 5</subfield>
        </datafield>
        <datafield tag="610" ind1="2" ind2="7">
            <subfield code="0">1208724</subfield>
            <subfield code="2">unbisn</subfield>
            <subfield code="a">UN. Commission on Population and Development (44th sess. : 2011 : New York)</subfield>
        </datafield>
        <datafield tag="610" ind1="2" ind2="7">
            <subfield code="0">1231254</subfield>
            <subfield code="2">unbisn</subfield>
            <subfield code="a">UN. Commission on Population and Development (44th sess. : 2011 : New York)</subfield>
            <subfield code="g">Work organization</subfield>
        </datafield>
        <datafield tag="610" ind1="2" ind2="7">
            <subfield code="0">1209849</subfield>
            <subfield code="2">unbisn</subfield>
            <subfield code="a">UN. Commission on Population and Development (44th sess. : 2011 : New York)</subfield>
            <subfield code="g">Agenda</subfield>
        </datafield>
        <datafield tag="610" ind1="2" ind2="7">
            <subfield code="0">1230354</subfield>
            <subfield code="2">unbisn</subfield>
            <subfield code="a">UN. Commission on Population and Development (45th sess. : 2012 : New York)</subfield>
            <subfield code="g">Agenda</subfield>
        </datafield>
        <datafield tag="610" ind1="2" ind2="7">
            <subfield code="0">970114</subfield>
            <subfield code="2">unbisn</subfield>
            <subfield code="a">UN. POPULATION DIVISION</subfield>
            <subfield code="g">WORK PROGRAMME.</subfield>
        </datafield>
        <datafield tag="630" ind1="0" ind2="7">
            <subfield code="0">917752</subfield>
            <subfield code="2">unbisn</subfield>
            <subfield code="a">Programme of Action of the International Conference on Population and Development (1994)</subfield>
        </datafield>
        <datafield tag="630" ind1="0" ind2="7">
            <subfield code="0">1129919</subfield>
            <subfield code="2">unbisn</subfield>
            <subfield code="a">Millennium Development Goals</subfield>
        </datafield>
        <datafield tag="650" ind1="1" ind2="7">
            <subfield code="0">1280121</subfield>
            <subfield code="2">unbist</subfield>
            <subfield code="a">POPULATION</subfield>
        </datafield>
        <datafield tag="650" ind1="1" ind2="7">
            <subfield code="0">1278394</subfield>
            <subfield code="2">unbist</subfield>
            <subfield code="a">DEVELOPMENT</subfield>
        </datafield>
        <datafield tag="650" ind1="1" ind2="7">
            <subfield code="0">1283920</subfield>
            <subfield code="2">unbist</subfield>
            <subfield code="a">POPULATION PROGRAMMES</subfield>
        </datafield>
        <datafield tag="650" ind1="1" ind2="7">
            <subfield code="0">1283243</subfield>
            <subfield code="2">unbist</subfield>
            <subfield code="a">PROGRAMME IMPLEMENTATION</subfield>
        </datafield>
        <datafield tag="650" ind1="2" ind2="7">
            <subfield code="0">1284297</subfield>
            <subfield code="2">unbist</subfield>
            <subfield code="a">REPRODUCTIVE HEALTH</subfield>
        </datafield>
        <datafield tag="650" ind1="2" ind2="7">
            <subfield code="0">1280165</subfield>
            <subfield code="2">unbist</subfield>
            <subfield code="a">FERTILITY</subfield>
        </datafield>
        <datafield tag="710" ind1="2" ind2=" ">
            <subfield code="0">1208724</subfield>
            <subfield code="a">UN. Commission on Population and Development (44th sess. : 2011 : New York)</subfield>
        </datafield>
        <datafield tag="830" ind1=" " ind2=" ">
            <subfield code="0">1275582</subfield>
            <subfield code="a">Report of the Commission on Population and Development</subfield>
        </datafield>
        <datafield tag="830" ind1=" " ind2=" ">
            <subfield code="0">1275403</subfield>
            <subfield code="a">Economic and Social Council. Official Records. Supplement</subfield>
        </datafield>
        <datafield tag="856" ind1="4" ind2=" ">
            <subfield code="s">340735</subfield>
            <subfield code="u">http://digitallibrary.un.org/record/703799/files/E_2011_25_E_CN.9_2011_8-AR.pdf</subfield>
            <subfield code="y">العربية</subfield>
        </datafield>
        <datafield tag="856" ind1="4" ind2=" ">
            <subfield code="s">307079</subfield>
            <subfield code="u">http://digitallibrary.un.org/record/703799/files/E_2011_25_E_CN.9_2011_8-ZH.pdf</subfield>
            <subfield code="y">中文</subfield>
        </datafield>
        <datafield tag="856" ind1="4" ind2=" ">
            <subfield code="s">135001</subfield>
            <subfield code="u">http://digitallibrary.un.org/record/703799/files/E_2011_25_E_CN.9_2011_8-EN.pdf</subfield>
            <subfield code="y">English</subfield>
        </datafield>
        <datafield tag="856" ind1="4" ind2=" ">
            <subfield code="s">149907</subfield>
            <subfield code="u">http://digitallibrary.un.org/record/703799/files/E_2011_25_E_CN.9_2011_8-FR.pdf</subfield>
            <subfield code="y">Français</subfield>
        </datafield>
        <datafield tag="856" ind1="4" ind2=" ">
            <subfield code="s">428163</subfield>
            <subfield code="u">http://digitallibrary.un.org/record/703799/files/E_2011_25_E_CN.9_2011_8-RU.pdf</subfield>
            <subfield code="y">Русский</subfield>
        </datafield>
        <datafield tag="856" ind1="4" ind2=" ">
            <subfield code="s">146413</subfield>
            <subfield code="u">http://digitallibrary.un.org/record/703799/files/E_2011_25_E_CN.9_2011_8-ES.pdf</subfield>
            <subfield code="y">Español</subfield>
        </datafield>
        <datafield tag="930" ind1=" " ind2=" ">
            <subfield code="a">UNDMY11</subfield>
        </datafield>
        <datafield tag="930" ind1=" " ind2=" ">
            <subfield code="a">YBP10e8</subfield>
        </datafield>
        <datafield tag="930" ind1=" " ind2=" ">
            <subfield code="a">YBP11e8</subfield>
        </datafield>
        <datafield tag="930" ind1=" " ind2=" ">
            <subfield code="a">YBP10e8</subfield>
        </datafield>
        <datafield tag="949" ind1=" " ind2=" ">
            <subfield code="9">E(01)/R3</subfield>
            <subfield code="b">1781899.4.1</subfield>
            <subfield code="c">c. 1</subfield>
            <subfield code="d">20110524200000</subfield>
            <subfield code="i">1781899</subfield>
            <subfield code="k">unes</subfield>
            <subfield code="l">DHL</subfield>
            <subfield code="m">14day</subfield>
            <subfield code="z">t</subfield>
        </datafield>
        <datafield tag="949" ind1=" " ind2=" ">
            <subfield code="9">E/CN.9/2011/8</subfield>
            <subfield code="b">1781902.2.1</subfield>
            <subfield code="c">c. 1</subfield>
            <subfield code="d">20110524200000</subfield>
            <subfield code="i">1781902</subfield>
            <subfield code="k">unes</subfield>
            <subfield code="l">DHL</subfield>
            <subfield code="m">14day</subfield>
            <subfield code="z">t</subfield>
        </datafield>
        <datafield tag="949" ind1=" " ind2=" ">
            <subfield code="9">E/CN.9/2011/8</subfield>
            <subfield code="b">1781904.4.1</subfield>
            <subfield code="c">c. 1</subfield>
            <subfield code="d">20110524200000</subfield>
            <subfield code="i">1781904</subfield>
            <subfield code="k">unes</subfield>
            <subfield code="l">DHL</subfield>
            <subfield code="m">14day</subfield>
            <subfield code="z">t</subfield>
        </datafield>
        <datafield tag="949" ind1=" " ind2=" ">
            <subfield code="9">E/CN.9/2011/8</subfield>
            <subfield code="b">1781901.1.1</subfield>
            <subfield code="c">c. 1</subfield>
            <subfield code="d">20110524200000</subfield>
            <subfield code="i">1781901</subfield>
            <subfield code="k">unes</subfield>
            <subfield code="l">DHL</subfield>
            <subfield code="m">14day</subfield>
            <subfield code="z">t</subfield>
        </datafield>
        <datafield tag="949" ind1=" " ind2=" ">
            <subfield code="9">E/CN.9/2011/8</subfield>
            <subfield code="b">1781903.3.1</subfield>
            <subfield code="c">c. 1</subfield>
            <subfield code="d">20110524200000</subfield>
            <subfield code="i">1781903</subfield>
            <subfield code="k">unes</subfield>
            <subfield code="l">DHL</subfield>
            <subfield code="m">14day</subfield>
            <subfield code="z">t</subfield>
        </datafield>
        <datafield tag="949" ind1=" " ind2=" ">
            <subfield code="9">E(01)/R3</subfield>
            <subfield code="b">1781900.5.1</subfield>
            <subfield code="c">c. 1</subfield>
            <subfield code="d">20110524200000</subfield>
            <subfield code="i">1781900</subfield>
            <subfield code="k">unes</subfield>
            <subfield code="l">DHL</subfield>
            <subfield code="m">14day</subfield>
            <subfield code="z">t</subfield>
        </datafield>
        <datafield tag="949" ind1=" " ind2=" ">
            <subfield code="9">E(01)/R3</subfield>
            <subfield code="b">10000009473841</subfield>
            <subfield code="c">c. 1</subfield>
            <subfield code="d">20110524200000</subfield>
            <subfield code="i">1781895</subfield>
            <subfield code="k">unes</subfield>
            <subfield code="l">DHL</subfield>
            <subfield code="m">14day</subfield>
            <subfield code="z">t</subfield>
        </datafield>
        <datafield tag="949" ind1=" " ind2=" ">
            <subfield code="9">E/CN.9/2011/8</subfield>
            <subfield code="b">1781905.5.1</subfield>
            <subfield code="c">c. 1</subfield>
            <subfield code="d">20110524200000</subfield>
            <subfield code="i">1781905</subfield>
            <subfield code="k">unes</subfield>
            <subfield code="l">DHL</subfield>
            <subfield code="m">14day</subfield>
            <subfield code="z">t</subfield>
        </datafield>
        <datafield tag="949" ind1=" " ind2=" ">
            <subfield code="9">E(01)/R3</subfield>
            <subfield code="b">1781897.2.1</subfield>
            <subfield code="c">c. 1</subfield>
            <subfield code="d">20110524200000</subfield>
            <subfield code="i">1781897</subfield>
            <subfield code="k">unes</subfield>
            <subfield code="l">DHL</subfield>
            <subfield code="m">14day</subfield>
            <subfield code="z">t</subfield>
        </datafield>
        <datafield tag="949" ind1=" " ind2=" ">
            <subfield code="9">E(01)/R3</subfield>
            <subfield code="b">1781898.3.1</subfield>
            <subfield code="c">c. 1</subfield>
            <subfield code="d">20110524200000</subfield>
            <subfield code="i">1781898</subfield>
            <subfield code="k">unes</subfield>
            <subfield code="l">DHL</subfield>
            <subfield code="m">14day</subfield>
            <subfield code="z">t</subfield>
        </datafield>
        <datafield tag="949" ind1=" " ind2=" ">
            <subfield code="9">E/CN.9/2011/8</subfield>
            <subfield code="b">1781906.6.1</subfield>
            <subfield code="c">c. 1</subfield>
            <subfield code="d">20110524200000</subfield>
            <subfield code="i">1781906</subfield>
            <subfield code="k">unes</subfield>
            <subfield code="l">DHL</subfield>
            <subfield code="m">14day</subfield>
            <subfield code="z">t</subfield>
        </datafield>
        <datafield tag="949" ind1=" " ind2=" ">
            <subfield code="9">E(01)/R3</subfield>
            <subfield code="b">1781896.1.1</subfield>
            <subfield code="c">c. 1</subfield>
            <subfield code="d">20110524200000</subfield>
            <subfield code="i">1781896</subfield>
            <subfield code="k">unes</subfield>
            <subfield code="l">DHL</subfield>
            <subfield code="m">14day</subfield>
            <subfield code="z">t</subfield>
        </datafield>
        <datafield tag="980" ind1=" " ind2=" ">
            <subfield code="a">BIB</subfield>
        </datafield>
        <datafield tag="989" ind1=" " ind2=" ">
            <subfield code="a">Documents and Publications</subfield>
            <subfield code="b">Reports</subfield>
            <subfield code="c">Annual and Sessional Reports</subfield>
        </datafield>
        <datafield tag="989" ind1=" " ind2=" ">
            <subfield code="a">Documents and Publications</subfield>
            <subfield code="b">Publications</subfield>
        </datafield>
        <datafield tag="989" ind1=" " ind2=" ">
            <subfield code="a">Documents and Publications</subfield>
            <subfield code="b">Draft Resolutions and Decisions</subfield>
        </datafield>
        <datafield tag="991" ind1="2" ind2=" ">
            <subfield code="0">1232172</subfield>
            <subfield code="a">E/2011/100</subfield>
            <subfield code="b">13f</subfield>
            <subfield code="c">Population and development.</subfield>
            <subfield code="d">POPULATION--DEVELOPMENT</subfield>
            <subfield code="z">I</subfield>
        </datafield>
        <datafield tag="998" ind1=" " ind2=" ">
            <subfield code="a">20110525050900</subfield>
            <subfield code="b">bccat</subfield>
            <subfield code="c">20170112062500</subfield>
            <subfield code="d">shkcat</subfield>
        </datafield>
        <datafield tag="999" ind1=" " ind2=" ">
            <subfield code="a">shku20170112</subfield>
            <subfield code="b">20170112</subfield>
            <subfield code="c">u</subfield>
        </datafield>
        <datafield tag="999" ind1=" " ind2=" ">
            <subfield code="a">jmu20110930</subfield>
            <subfield code="b">20110930</subfield>
            <subfield code="c">u</subfield>
        </datafield>
        <datafield tag="999" ind1=" " ind2=" ">
            <subfield code="a">jmr20110603</subfield>
            <subfield code="b">20110603</subfield>
            <subfield code="c">r</subfield>
        </datafield>
        <datafield tag="999" ind1=" " ind2=" ">
            <subfield code="a">bcq20110525</subfield>
            <subfield code="b">20110525</subfield>
            <subfield code="c">q</subfield>
        </datafield>
        <datafield tag="999" ind1=" " ind2=" ">
            <subfield code="a">skic20110525</subfield>
            <subfield code="b">20110525</subfield>
            <subfield code="c">c</subfield>
        </datafield>
        <datafield tag="999" ind1=" " ind2=" ">
            <subfield code="a">vwt20110729</subfield>
            <subfield code="b">20110729</subfield>
            <subfield code="c">t</subfield>
        </datafield>
        <datafield tag="999" ind1=" " ind2=" ">
            <subfield code="a">RPYu20121219</subfield>
            <subfield code="b">20121219</subfield>
            <subfield code="c">u</subfield>
        </datafield>
        <datafield tag="999" ind1=" " ind2=" ">
            <subfield code="a">RPYu20121219</subfield>
            <subfield code="b">20121219</subfield>
            <subfield code="c">u</subfield>
        </datafield>
    </record>