

    
    <record>
        <controlfield tag="001">703336</controlfield>
        <controlfield tag="000">00000nam\\2200025#a\4500</controlfield>
        <controlfield tag="005">20170412220450.0</controlfield>
        <controlfield tag="008">110519s2011\\\\usa\\\\#r\\\\\|||1|\eng\d</controlfield>
        <datafield tag="022" ind1=" " ind2=" ">
            <subfield code="a">0252-0117</subfield>
        </datafield>
        <datafield tag="029" ind1=" " ind2=" ">
            <subfield code="a">JN</subfield>
            <subfield code="b">N1128654 E</subfield>
        </datafield>
        <datafield tag="035" ind1=" " ind2=" ">
            <subfield code="a">D0380433</subfield>
        </datafield>
        <datafield tag="035" ind1=" " ind2=" ">
            <subfield code="a">(DHL)946835</subfield>
        </datafield>
        <datafield tag="039" ind1=" " ind2=" ">
            <subfield code="a">DHU</subfield>
        </datafield>
        <datafield tag="040" ind1=" " ind2=" ">
            <subfield code="a">NNUN</subfield>
            <subfield code="b">eng</subfield>
        </datafield>
        <datafield tag="041" ind1=" " ind2=" ">
            <subfield code="a">arachiengfrerusspa</subfield>
        </datafield>
        <datafield tag="049" ind1=" " ind2=" ">
            <subfield code="a">usa</subfield>
        </datafield>
        <datafield tag="089" ind1=" " ind2=" ">
            <subfield code="b">B02</subfield>
        </datafield>
        <datafield tag="089" ind1=" " ind2=" ">
            <subfield code="b">B04</subfield>
        </datafield>
        <datafield tag="091" ind1=" " ind2=" ">
            <subfield code="a">GEN</subfield>
        </datafield>
        <datafield tag="099" ind1=" " ind2=" ">
            <subfield code="a">UNH</subfield>
            <subfield code="b">DHU</subfield>
            <subfield code="c">E(01)/R3</subfield>
            <subfield code="q">E01R3</subfield>
        </datafield>
        <datafield tag="191" ind1=" " ind2=" ">
            <subfield code="0">1228995</subfield>
            <subfield code="9">C00</subfield>
            <subfield code="a">E/2011/27</subfield>
            <subfield code="b">E/</subfield>
            <subfield code="c">2011-S</subfield>
            <subfield code="q">E201127</subfield>
            <subfield code="r">E2011S</subfield>
        </datafield>
        <datafield tag="191" ind1=" " ind2=" ">
            <subfield code="0">1228227</subfield>
            <subfield code="a">E/CN.6/2011/12</subfield>
            <subfield code="b">E/CN.6/</subfield>
            <subfield code="c">55</subfield>
            <subfield code="q">ECN6201112</subfield>
            <subfield code="r">ECN655</subfield>
        </datafield>
        <datafield tag="245" ind1="1" ind2="0">
            <subfield code="a">Commission on the Status of Women :</subfield>
            <subfield code="b">report on the 55th session (12 March 2010, 22 February-4 March and 14 March 2011)</subfield>
        </datafield>
        <datafield tag="260" ind1=" " ind2=" ">
            <subfield code="a">New York :</subfield>
            <subfield code="b">UN,</subfield>
            <subfield code="c">2011</subfield>
        </datafield>
        <datafield tag="269" ind1=" " ind2=" ">
            <subfield code="a">2011</subfield>
        </datafield>
        <datafield tag="300" ind1=" " ind2=" ">
            <subfield code="a">iv, 50 p.</subfield>
        </datafield>
        <datafield tag="495" ind1=" " ind2=" ">
            <subfield code="a">ESCOR, 2011, Suppl. no. 7</subfield>
        </datafield>
        <datafield tag="610" ind1="2" ind2="7">
            <subfield code="0">1222440</subfield>
            <subfield code="2">unbisn</subfield>
            <subfield code="a">UN. Commission on the Status of Women (55th sess. : 2011 : New York)</subfield>
        </datafield>
        <datafield tag="610" ind1="2" ind2="7">
            <subfield code="0">1232424</subfield>
            <subfield code="2">unbisn</subfield>
            <subfield code="a">UN. Commission on the Status of Women (55th sess. : 2011 : New York)</subfield>
            <subfield code="g">Resolutions and decisions</subfield>
        </datafield>
        <datafield tag="610" ind1="2" ind2="7">
            <subfield code="0">1230412</subfield>
            <subfield code="2">unbisn</subfield>
            <subfield code="a">UN. Commission on the Status of Women (55th sess. : 2011 : New York)</subfield>
            <subfield code="g">Work organization</subfield>
        </datafield>
        <datafield tag="610" ind1="2" ind2="7">
            <subfield code="0">1231331</subfield>
            <subfield code="2">unbisn</subfield>
            <subfield code="a">UN. Commission on the Status of Women (56th sess. : 2012 : New York)</subfield>
            <subfield code="g">Agenda</subfield>
        </datafield>
        <datafield tag="610" ind1="0" ind2="7">
            <subfield code="0">997247</subfield>
            <subfield code="2">unbisn</subfield>
            <subfield code="a">UN. Commission on the Status of Women. Working Group on Communications on the Status of Women</subfield>
            <subfield code="g">Members</subfield>
        </datafield>
        <datafield tag="630" ind1="0" ind2="7">
            <subfield code="0">1129919</subfield>
            <subfield code="2">unbisn</subfield>
            <subfield code="a">Millennium Development Goals</subfield>
        </datafield>
        <datafield tag="650" ind1="1" ind2="7">
            <subfield code="0">1283087</subfield>
            <subfield code="2">unbist</subfield>
            <subfield code="a">WOMEN'S ADVANCEMENT</subfield>
        </datafield>
        <datafield tag="650" ind1="1" ind2="7">
            <subfield code="0">1283088</subfield>
            <subfield code="2">unbist</subfield>
            <subfield code="a">WOMEN'S STATUS</subfield>
        </datafield>
        <datafield tag="650" ind1="1" ind2="7">
            <subfield code="0">1284353</subfield>
            <subfield code="2">unbist</subfield>
            <subfield code="a">GENDER EQUALITY</subfield>
        </datafield>
        <datafield tag="650" ind1="1" ind2="7">
            <subfield code="0">1281939</subfield>
            <subfield code="2">unbist</subfield>
            <subfield code="a">CLIMATE CHANGE</subfield>
        </datafield>
        <datafield tag="650" ind1="1" ind2="7">
            <subfield code="0">1283975</subfield>
            <subfield code="2">unbist</subfield>
            <subfield code="a">AIDS PREVENTION</subfield>
        </datafield>
        <datafield tag="650" ind1="1" ind2="7">
            <subfield code="0">1284301</subfield>
            <subfield code="2">unbist</subfield>
            <subfield code="a">WOMEN'S HEALTH</subfield>
        </datafield>
        <datafield tag="650" ind1="2" ind2="7">
            <subfield code="0">1284417</subfield>
            <subfield code="2">unbist</subfield>
            <subfield code="a">WOMEN'S EDUCATION</subfield>
        </datafield>
        <datafield tag="650" ind1="2" ind2="7">
            <subfield code="0">1281762</subfield>
            <subfield code="2">unbist</subfield>
            <subfield code="a">SCIENCE AND TECHNOLOGY</subfield>
        </datafield>
        <datafield tag="650" ind1="2" ind2="7">
            <subfield code="0">1282499</subfield>
            <subfield code="2">unbist</subfield>
            <subfield code="a">PALESTINIANS</subfield>
        </datafield>
        <datafield tag="650" ind1="2" ind2="7">
            <subfield code="0">1280086</subfield>
            <subfield code="2">unbist</subfield>
            <subfield code="a">GIRLS</subfield>
        </datafield>
        <datafield tag="650" ind1="2" ind2="7">
            <subfield code="0">1284473</subfield>
            <subfield code="2">unbist</subfield>
            <subfield code="a">GENDER MAINSTREAMING</subfield>
        </datafield>
        <datafield tag="650" ind1="2" ind2="7">
            <subfield code="0">1283262</subfield>
            <subfield code="2">unbist</subfield>
            <subfield code="a">WRITTEN COMMUNICATIONS</subfield>
        </datafield>
        <datafield tag="710" ind1="2" ind2=" ">
            <subfield code="0">1222440</subfield>
            <subfield code="a">UN. Commission on the Status of Women (55th sess. : 2011 : New York)</subfield>
        </datafield>
        <datafield tag="830" ind1=" " ind2=" ">
            <subfield code="0">1275402</subfield>
            <subfield code="a">Report of the Commission on the Status of Women</subfield>
        </datafield>
        <datafield tag="830" ind1=" " ind2=" ">
            <subfield code="0">1275403</subfield>
            <subfield code="a">Economic and Social Council. Official Records. Supplement</subfield>
        </datafield>
        <datafield tag="856" ind1="4" ind2=" ">
            <subfield code="s">608525</subfield>
            <subfield code="u">http://digitallibrary.un.org/record/703336/files/E_2011_27_E_CN.6_2011_12-AR.pdf</subfield>
            <subfield code="y">العربية</subfield>
        </datafield>
        <datafield tag="856" ind1="4" ind2=" ">
            <subfield code="s">435686</subfield>
            <subfield code="u">http://digitallibrary.un.org/record/703336/files/E_2011_27_E_CN.6_2011_12-ZH.pdf</subfield>
            <subfield code="y">中文</subfield>
        </datafield>
        <datafield tag="856" ind1="4" ind2=" ">
            <subfield code="s">219106</subfield>
            <subfield code="u">http://digitallibrary.un.org/record/703336/files/E_2011_27_E_CN.6_2011_12-EN.pdf</subfield>
            <subfield code="y">English</subfield>
        </datafield>
        <datafield tag="856" ind1="4" ind2=" ">
            <subfield code="s">306568</subfield>
            <subfield code="u">http://digitallibrary.un.org/record/703336/files/E_2011_27_E_CN.6_2011_12-FR.pdf</subfield>
            <subfield code="y">Français</subfield>
        </datafield>
        <datafield tag="856" ind1="4" ind2=" ">
            <subfield code="s">654709</subfield>
            <subfield code="u">http://digitallibrary.un.org/record/703336/files/E_2011_27_E_CN.6_2011_12-RU.pdf</subfield>
            <subfield code="y">Русский</subfield>
        </datafield>
        <datafield tag="856" ind1="4" ind2=" ">
            <subfield code="s">354737</subfield>
            <subfield code="u">http://digitallibrary.un.org/record/703336/files/E_2011_27_E_CN.6_2011_12-ES.pdf</subfield>
            <subfield code="y">Español</subfield>
        </datafield>
        <datafield tag="930" ind1=" " ind2=" ">
            <subfield code="a">UNDMY11</subfield>
        </datafield>
        <datafield tag="949" ind1=" " ind2=" ">
            <subfield code="9">E/CN.6/2011/12</subfield>
            <subfield code="b">1780827.10.1</subfield>
            <subfield code="c">c. 1</subfield>
            <subfield code="d">20110518200000</subfield>
            <subfield code="i">1780827</subfield>
            <subfield code="k">unrs</subfield>
            <subfield code="l">DHL</subfield>
            <subfield code="m">14day</subfield>
            <subfield code="z">t</subfield>
        </datafield>
        <datafield tag="949" ind1=" " ind2=" ">
            <subfield code="9">E(01)/R3</subfield>
            <subfield code="b">1780821.4.1</subfield>
            <subfield code="c">c. 1</subfield>
            <subfield code="d">20110518200000</subfield>
            <subfield code="i">1780821</subfield>
            <subfield code="k">unrs</subfield>
            <subfield code="l">DHL</subfield>
            <subfield code="m">14day</subfield>
            <subfield code="z">t</subfield>
        </datafield>
        <datafield tag="949" ind1=" " ind2=" ">
            <subfield code="9">E(01)/R3</subfield>
            <subfield code="b">1780820.3.1</subfield>
            <subfield code="c">c. 1</subfield>
            <subfield code="d">20110518200000</subfield>
            <subfield code="i">1780820</subfield>
            <subfield code="k">unfs</subfield>
            <subfield code="l">DHL</subfield>
            <subfield code="m">14day</subfield>
            <subfield code="z">t</subfield>
        </datafield>
        <datafield tag="949" ind1=" " ind2=" ">
            <subfield code="9">E/CN.6/2011/12</subfield>
            <subfield code="b">1780826.9.1</subfield>
            <subfield code="c">c. 1</subfield>
            <subfield code="d">20110518200000</subfield>
            <subfield code="i">1780826</subfield>
            <subfield code="k">unfs</subfield>
            <subfield code="l">DHL</subfield>
            <subfield code="m">14day</subfield>
            <subfield code="z">t</subfield>
        </datafield>
        <datafield tag="949" ind1=" " ind2=" ">
            <subfield code="9">E(01)/R3</subfield>
            <subfield code="b">10000009468351</subfield>
            <subfield code="c">c. 1</subfield>
            <subfield code="d">20110518200000</subfield>
            <subfield code="i">1780817</subfield>
            <subfield code="k">unes</subfield>
            <subfield code="l">DHL</subfield>
            <subfield code="m">14day</subfield>
            <subfield code="z">t</subfield>
        </datafield>
        <datafield tag="949" ind1=" " ind2=" ">
            <subfield code="9">E/CN.6/2011/12</subfield>
            <subfield code="b">1780824.7.1</subfield>
            <subfield code="c">c. 1</subfield>
            <subfield code="d">20110518200000</subfield>
            <subfield code="i">1780824</subfield>
            <subfield code="k">unas</subfield>
            <subfield code="l">DHL</subfield>
            <subfield code="m">14day</subfield>
            <subfield code="z">t</subfield>
        </datafield>
        <datafield tag="949" ind1=" " ind2=" ">
            <subfield code="9">E/CN.6/2011/12</subfield>
            <subfield code="b">1780828.11.1</subfield>
            <subfield code="c">c. 1</subfield>
            <subfield code="d">20110518200000</subfield>
            <subfield code="i">1780828</subfield>
            <subfield code="k">unss</subfield>
            <subfield code="l">DHL</subfield>
            <subfield code="m">14day</subfield>
            <subfield code="z">t</subfield>
        </datafield>
        <datafield tag="949" ind1=" " ind2=" ">
            <subfield code="9">E/CN.6/2011/12</subfield>
            <subfield code="b">1780823.6.1</subfield>
            <subfield code="c">c. 1</subfield>
            <subfield code="d">20110518200000</subfield>
            <subfield code="i">1780823</subfield>
            <subfield code="k">unes</subfield>
            <subfield code="l">DHL</subfield>
            <subfield code="m">14day</subfield>
            <subfield code="z">t</subfield>
        </datafield>
        <datafield tag="949" ind1=" " ind2=" ">
            <subfield code="9">E/CN.6/2011/12</subfield>
            <subfield code="b">1780825.8.1</subfield>
            <subfield code="c">c. 1</subfield>
            <subfield code="d">20110518200000</subfield>
            <subfield code="i">1780825</subfield>
            <subfield code="k">uncs</subfield>
            <subfield code="l">DHL</subfield>
            <subfield code="m">14day</subfield>
            <subfield code="z">t</subfield>
        </datafield>
        <datafield tag="949" ind1=" " ind2=" ">
            <subfield code="9">E(01)/R3</subfield>
            <subfield code="b">1780822.5.1</subfield>
            <subfield code="c">c. 1</subfield>
            <subfield code="d">20110518200000</subfield>
            <subfield code="i">1780822</subfield>
            <subfield code="k">unss</subfield>
            <subfield code="l">DHL</subfield>
            <subfield code="m">14day</subfield>
            <subfield code="z">t</subfield>
        </datafield>
        <datafield tag="949" ind1=" " ind2=" ">
            <subfield code="9">E(01)/R3</subfield>
            <subfield code="b">1780818.1.1</subfield>
            <subfield code="c">c. 1</subfield>
            <subfield code="d">20110518200000</subfield>
            <subfield code="i">1780818</subfield>
            <subfield code="k">unas</subfield>
            <subfield code="l">DHL</subfield>
            <subfield code="m">14day</subfield>
            <subfield code="z">t</subfield>
        </datafield>
        <datafield tag="949" ind1=" " ind2=" ">
            <subfield code="9">E(01)/R3</subfield>
            <subfield code="b">1780819.2.1</subfield>
            <subfield code="c">c. 1</subfield>
            <subfield code="d">20110518200000</subfield>
            <subfield code="i">1780819</subfield>
            <subfield code="k">uncs</subfield>
            <subfield code="l">DHL</subfield>
            <subfield code="m">14day</subfield>
            <subfield code="z">t</subfield>
        </datafield>
        <datafield tag="980" ind1=" " ind2=" ">
            <subfield code="a">BIB</subfield>
        </datafield>
        <datafield tag="989" ind1=" " ind2=" ">
            <subfield code="a">Documents and Publications</subfield>
            <subfield code="b">Reports</subfield>
            <subfield code="c">Annual and Sessional Reports</subfield>
        </datafield>
        <datafield tag="989" ind1=" " ind2=" ">
            <subfield code="a">Documents and Publications</subfield>
            <subfield code="b">Publications</subfield>
        </datafield>
        <datafield tag="989" ind1=" " ind2=" ">
            <subfield code="a">Documents and Publications</subfield>
            <subfield code="b">Draft Resolutions and Decisions</subfield>
        </datafield>
        <datafield tag="991" ind1="2" ind2=" ">
            <subfield code="0">1232181</subfield>
            <subfield code="a">E/2011/100</subfield>
            <subfield code="b">14a</subfield>
            <subfield code="c">Advancement of women.</subfield>
            <subfield code="d">WOMEN'S ADVANCEMENT</subfield>
            <subfield code="z">I</subfield>
        </datafield>
        <datafield tag="998" ind1=" " ind2=" ">
            <subfield code="a">20110519052500</subfield>
            <subfield code="b">bccat</subfield>
            <subfield code="c">20170104105000</subfield>
            <subfield code="d">shkcat</subfield>
        </datafield>
        <datafield tag="999" ind1=" " ind2=" ">
            <subfield code="a">jmu20120103</subfield>
            <subfield code="b">20120103</subfield>
            <subfield code="c">u</subfield>
        </datafield>
        <datafield tag="999" ind1=" " ind2=" ">
            <subfield code="a">jmr20110519</subfield>
            <subfield code="b">20110519</subfield>
            <subfield code="c">r</subfield>
        </datafield>
        <datafield tag="999" ind1=" " ind2=" ">
            <subfield code="a">kakc20110519</subfield>
            <subfield code="b">20110519</subfield>
            <subfield code="c">c</subfield>
        </datafield>
        <datafield tag="999" ind1=" " ind2=" ">
            <subfield code="a">bcq20110519</subfield>
            <subfield code="b">20110519</subfield>
            <subfield code="c">q</subfield>
        </datafield>
        <datafield tag="999" ind1=" " ind2=" ">
            <subfield code="a">vwt20110729</subfield>
            <subfield code="b">20110729</subfield>
            <subfield code="c">t</subfield>
        </datafield>
        <datafield tag="999" ind1=" " ind2=" ">
            <subfield code="a">monu20111005</subfield>
            <subfield code="b">20111005</subfield>
            <subfield code="c">u</subfield>
        </datafield>
        <datafield tag="999" ind1=" " ind2=" ">
            <subfield code="a">shku20170104</subfield>
            <subfield code="b">20170104</subfield>
            <subfield code="c">u</subfield>
        </datafield>
    </record>