

    
    <record>
        <controlfield tag="001">703247</controlfield>
        <controlfield tag="000">00000nam\\2200025#a\4500</controlfield>
        <controlfield tag="005">20170412204549.0</controlfield>
        <controlfield tag="008">110518s2011\\\\usa\\\\#r\\\\\|||1|\eng\d</controlfield>
        <datafield tag="029" ind1=" " ind2=" ">
            <subfield code="a">JN</subfield>
            <subfield code="b">N1121790 E</subfield>
        </datafield>
        <datafield tag="035" ind1=" " ind2=" ">
            <subfield code="a">D0380407</subfield>
        </datafield>
        <datafield tag="035" ind1=" " ind2=" ">
            <subfield code="a">(DHL)946741</subfield>
        </datafield>
        <datafield tag="039" ind1=" " ind2=" ">
            <subfield code="a">DHU</subfield>
        </datafield>
        <datafield tag="040" ind1=" " ind2=" ">
            <subfield code="a">NNUN</subfield>
            <subfield code="b">eng</subfield>
        </datafield>
        <datafield tag="041" ind1=" " ind2=" ">
            <subfield code="a">arachiengfrerusspa</subfield>
        </datafield>
        <datafield tag="049" ind1=" " ind2=" ">
            <subfield code="a">usa</subfield>
        </datafield>
        <datafield tag="089" ind1=" " ind2=" ">
            <subfield code="b">B03</subfield>
        </datafield>
        <datafield tag="089" ind1=" " ind2=" ">
            <subfield code="b">B07</subfield>
        </datafield>
        <datafield tag="091" ind1=" " ind2=" ">
            <subfield code="a">GEN</subfield>
        </datafield>
        <datafield tag="099" ind1=" " ind2=" ">
            <subfield code="a">UNH</subfield>
            <subfield code="b">DHU</subfield>
            <subfield code="c">A(01)/R3</subfield>
            <subfield code="q">A01R3</subfield>
        </datafield>
        <datafield tag="191" ind1=" " ind2=" ">
            <subfield code="0">1221254</subfield>
            <subfield code="9">G88</subfield>
            <subfield code="a">A/65/PV.75</subfield>
            <subfield code="b">A/</subfield>
            <subfield code="c">65</subfield>
            <subfield code="q">A65PV75</subfield>
            <subfield code="r">A65</subfield>
        </datafield>
        <datafield tag="245" ind1="1" ind2="0">
            <subfield code="a">General Assembly official records, 65th session :</subfield>
            <subfield code="b">75th plenary meeting, Friday, 28 January 2011, New York</subfield>
        </datafield>
        <datafield tag="260" ind1=" " ind2=" ">
            <subfield code="a">[New York] :</subfield>
            <subfield code="b">UN,</subfield>
            <subfield code="c">[2011]</subfield>
        </datafield>
        <datafield tag="269" ind1=" " ind2=" ">
            <subfield code="a">2011</subfield>
        </datafield>
        <datafield tag="300" ind1=" " ind2=" ">
            <subfield code="a">4 p.</subfield>
        </datafield>
        <datafield tag="495" ind1=" " ind2=" ">
            <subfield code="a">GAOR, 65th sess., Meeting records</subfield>
        </datafield>
        <datafield tag="610" ind1="2" ind2="7">
            <subfield code="0">936095</subfield>
            <subfield code="2">unbisn</subfield>
            <subfield code="a">UN</subfield>
            <subfield code="g">Budget contributions</subfield>
        </datafield>
        <datafield tag="610" ind1="2" ind2="7">
            <subfield code="0">1207664</subfield>
            <subfield code="2">unbisn</subfield>
            <subfield code="a">UN Appeals Tribunal</subfield>
            <subfield code="g">Members</subfield>
        </datafield>
        <datafield tag="650" ind1="1" ind2="7">
            <subfield code="0">1277918</subfield>
            <subfield code="2">unbist</subfield>
            <subfield code="a">INTERNATIONAL COOPERATION</subfield>
        </datafield>
        <datafield tag="650" ind1="1" ind2="7">
            <subfield code="0">1284435</subfield>
            <subfield code="2">unbist</subfield>
            <subfield code="a">HUMANITARIAN EMERGENCIES</subfield>
        </datafield>
        <datafield tag="650" ind1="1" ind2="7">
            <subfield code="0">1281005</subfield>
            <subfield code="2">unbist</subfield>
            <subfield code="a">HUMANITARIAN ASSISTANCE</subfield>
        </datafield>
        <datafield tag="650" ind1="1" ind2="7">
            <subfield code="0">1283251</subfield>
            <subfield code="2">unbist</subfield>
            <subfield code="a">APPOINTMENT OF OFFICIALS</subfield>
        </datafield>
        <datafield tag="650" ind1="2" ind2="7">
            <subfield code="0">1280985</subfield>
            <subfield code="2">unbist</subfield>
            <subfield code="a">NATURAL DISASTERS</subfield>
        </datafield>
        <datafield tag="651" ind1="1" ind2="7">
            <subfield code="0">1282396</subfield>
            <subfield code="2">unbist</subfield>
            <subfield code="a">ZIMBABWE</subfield>
        </datafield>
        <datafield tag="793" ind1=" " ind2=" ">
            <subfield code="a">PL</subfield>
        </datafield>
        <datafield tag="856" ind1="4" ind2=" ">
            <subfield code="s">129716</subfield>
            <subfield code="u">http://digitallibrary.un.org/record/703247/files/A_65_PV.75-AR.pdf</subfield>
            <subfield code="y">العربية</subfield>
        </datafield>
        <datafield tag="856" ind1="4" ind2=" ">
            <subfield code="s">191357</subfield>
            <subfield code="u">http://digitallibrary.un.org/record/703247/files/A_65_PV.75-ZH.pdf</subfield>
            <subfield code="y">中文</subfield>
        </datafield>
        <datafield tag="856" ind1="4" ind2=" ">
            <subfield code="s">45580</subfield>
            <subfield code="u">http://digitallibrary.un.org/record/703247/files/A_65_PV.75-EN.pdf</subfield>
            <subfield code="y">English</subfield>
        </datafield>
        <datafield tag="856" ind1="4" ind2=" ">
            <subfield code="s">50634</subfield>
            <subfield code="u">http://digitallibrary.un.org/record/703247/files/A_65_PV.75-FR.pdf</subfield>
            <subfield code="y">Français</subfield>
        </datafield>
        <datafield tag="856" ind1="4" ind2=" ">
            <subfield code="s">210943</subfield>
            <subfield code="u">http://digitallibrary.un.org/record/703247/files/A_65_PV.75-RU.pdf</subfield>
            <subfield code="y">Русский</subfield>
        </datafield>
        <datafield tag="856" ind1="4" ind2=" ">
            <subfield code="s">147320</subfield>
            <subfield code="u">http://digitallibrary.un.org/record/703247/files/A_65_PV.75-ES.pdf</subfield>
            <subfield code="y">Español</subfield>
        </datafield>
        <datafield tag="930" ind1=" " ind2=" ">
            <subfield code="a">UNDMY11</subfield>
        </datafield>
        <datafield tag="949" ind1=" " ind2=" ">
            <subfield code="9">A(01)/R3</subfield>
            <subfield code="b">1780587.5.1</subfield>
            <subfield code="c">c. 1</subfield>
            <subfield code="d">20110517200000</subfield>
            <subfield code="i">1780587</subfield>
            <subfield code="k">unss</subfield>
            <subfield code="l">DHL</subfield>
            <subfield code="m">14day</subfield>
            <subfield code="z">t</subfield>
        </datafield>
        <datafield tag="949" ind1=" " ind2=" ">
            <subfield code="9">A(01)/R3</subfield>
            <subfield code="b">1780585.3.1</subfield>
            <subfield code="c">c. 1</subfield>
            <subfield code="d">20110517200000</subfield>
            <subfield code="i">1780585</subfield>
            <subfield code="k">unfs</subfield>
            <subfield code="l">DHL</subfield>
            <subfield code="m">14day</subfield>
            <subfield code="z">t</subfield>
        </datafield>
        <datafield tag="949" ind1=" " ind2=" ">
            <subfield code="9">A(01)/R3</subfield>
            <subfield code="b">1780586.4.1</subfield>
            <subfield code="c">c. 1</subfield>
            <subfield code="d">20110517200000</subfield>
            <subfield code="i">1780586</subfield>
            <subfield code="k">unrs</subfield>
            <subfield code="l">DHL</subfield>
            <subfield code="m">14day</subfield>
            <subfield code="z">t</subfield>
        </datafield>
        <datafield tag="949" ind1=" " ind2=" ">
            <subfield code="9">A(01)/R3</subfield>
            <subfield code="b">1780583.1.1</subfield>
            <subfield code="c">c. 1</subfield>
            <subfield code="d">20110517200000</subfield>
            <subfield code="i">1780583</subfield>
            <subfield code="k">unas</subfield>
            <subfield code="l">DHL</subfield>
            <subfield code="m">14day</subfield>
            <subfield code="z">t</subfield>
        </datafield>
        <datafield tag="949" ind1=" " ind2=" ">
            <subfield code="9">A(01)/R3</subfield>
            <subfield code="b">10000009467411</subfield>
            <subfield code="c">c. 1</subfield>
            <subfield code="d">20110517200000</subfield>
            <subfield code="i">1780582</subfield>
            <subfield code="k">unes</subfield>
            <subfield code="l">DHL</subfield>
            <subfield code="m">14day</subfield>
            <subfield code="z">t</subfield>
        </datafield>
        <datafield tag="949" ind1=" " ind2=" ">
            <subfield code="9">A(01)/R3</subfield>
            <subfield code="b">1780584.2.1</subfield>
            <subfield code="c">c. 1</subfield>
            <subfield code="d">20110517200000</subfield>
            <subfield code="i">1780584</subfield>
            <subfield code="k">uncs</subfield>
            <subfield code="l">DHL</subfield>
            <subfield code="m">14day</subfield>
            <subfield code="z">t</subfield>
        </datafield>
        <datafield tag="980" ind1=" " ind2=" ">
            <subfield code="a">BIB</subfield>
        </datafield>
        <datafield tag="989" ind1=" " ind2=" ">
            <subfield code="a">Documents and Publications</subfield>
            <subfield code="b">Meeting Records</subfield>
            <subfield code="c">Verbatim Records</subfield>
        </datafield>
        <datafield tag="991" ind1="1" ind2=" ">
            <subfield code="0">1222076</subfield>
            <subfield code="a">A/65/251</subfield>
            <subfield code="b">133</subfield>
            <subfield code="c">Scale of assessments for the apportionment of the expenses of the United Nations.</subfield>
            <subfield code="d">UN--BUDGET CONTRIBUTIONS</subfield>
            <subfield code="e">At the 75th meeting, the Assembly took note of the information in A/65/691/Add.1 that Zimbabwe had made the necessary payment to reduce its arrears below the amount specified in Art. 19 of the Charter</subfield>
            <subfield code="z">I</subfield>
        </datafield>
        <datafield tag="991" ind1="1" ind2=" ">
            <subfield code="0">1221517</subfield>
            <subfield code="a">A/65/251</subfield>
            <subfield code="b">69a</subfield>
            <subfield code="c">Strengthening of the coordination of emergency humanitarian assistance of the United Nations.</subfield>
            <subfield code="d">EMERGENCY ASSISTANCE</subfield>
            <subfield code="e">At the 75th meeting, draft resolution A/65/L.59 was adopted without vote: resolution 65/264</subfield>
            <subfield code="z">I</subfield>
        </datafield>
        <datafield tag="991" ind1="1" ind2=" ">
            <subfield code="0">1229429</subfield>
            <subfield code="a">A/65/251</subfield>
            <subfield code="b">113g</subfield>
            <subfield code="c">Appointment of a judge of the United Nations Appeals Tribunal.</subfield>
            <subfield code="d">UN APPEALS TRIBUNAL--JUDGES</subfield>
            <subfield code="e">At the 75th meeting, Mary Faherty (Ireland) was elected a judge of the United Nations Appeals Tribunal for a term of office beginning on 28 Jan. 2011 and ending on 30 June 2016: decision 65/414</subfield>
            <subfield code="z">I</subfield>
        </datafield>
        <datafield tag="992" ind1=" " ind2=" ">
            <subfield code="a">20110128</subfield>
        </datafield>
        <datafield tag="998" ind1=" " ind2=" ">
            <subfield code="a">20110518054100</subfield>
            <subfield code="b">pnser</subfield>
            <subfield code="c">20121218040700</subfield>
            <subfield code="d">vwcat2</subfield>
        </datafield>
        <datafield tag="999" ind1=" " ind2=" ">
            <subfield code="a">jmr20110523</subfield>
            <subfield code="b">20110523</subfield>
            <subfield code="c">r</subfield>
        </datafield>
        <datafield tag="999" ind1=" " ind2=" ">
            <subfield code="a">pnq20110518</subfield>
            <subfield code="b">20110518</subfield>
            <subfield code="c">q</subfield>
        </datafield>
        <datafield tag="999" ind1=" " ind2=" ">
            <subfield code="a">skic20110518</subfield>
            <subfield code="b">20110518</subfield>
            <subfield code="c">c</subfield>
        </datafield>
        <datafield tag="999" ind1=" " ind2=" ">
            <subfield code="a">vwt20110614</subfield>
            <subfield code="b">20110614</subfield>
            <subfield code="c">t</subfield>
        </datafield>
        <datafield tag="999" ind1=" " ind2=" ">
            <subfield code="a">vwu20121003</subfield>
            <subfield code="b">20121003</subfield>
            <subfield code="c">u</subfield>
        </datafield>
    </record>