

    
    <record>
        <controlfield tag="001">703021</controlfield>
        <controlfield tag="000">00000nam\\2200025#a\4500</controlfield>
        <controlfield tag="005">20170412131724.0</controlfield>
        <controlfield tag="008">110513s2011\\\\usa\\\\#r\\\\\|||1|\eng\d</controlfield>
        <datafield tag="029" ind1=" " ind2=" ">
            <subfield code="a">JN</subfield>
            <subfield code="b">N1130267 E</subfield>
        </datafield>
        <datafield tag="035" ind1=" " ind2=" ">
            <subfield code="a">D0380325</subfield>
        </datafield>
        <datafield tag="035" ind1=" " ind2=" ">
            <subfield code="a">(DHL)946485</subfield>
        </datafield>
        <datafield tag="039" ind1=" " ind2=" ">
            <subfield code="a">DHU</subfield>
        </datafield>
        <datafield tag="040" ind1=" " ind2=" ">
            <subfield code="a">NNUN</subfield>
            <subfield code="b">eng</subfield>
        </datafield>
        <datafield tag="041" ind1=" " ind2=" ">
            <subfield code="a">arachiengfrerusspa</subfield>
        </datafield>
        <datafield tag="049" ind1=" " ind2=" ">
            <subfield code="a">usa</subfield>
        </datafield>
        <datafield tag="089" ind1=" " ind2=" ">
            <subfield code="b">B04</subfield>
        </datafield>
        <datafield tag="091" ind1=" " ind2=" ">
            <subfield code="a">GEN</subfield>
        </datafield>
        <datafield tag="099" ind1=" " ind2=" ">
            <subfield code="a">UNH</subfield>
            <subfield code="b">DHU</subfield>
        </datafield>
        <datafield tag="191" ind1=" " ind2=" ">
            <subfield code="0">1228995</subfield>
            <subfield code="9">C00</subfield>
            <subfield code="a">E/2011/33</subfield>
            <subfield code="b">E/</subfield>
            <subfield code="c">2011-S</subfield>
            <subfield code="q">E201133</subfield>
            <subfield code="r">E2011S</subfield>
        </datafield>
        <datafield tag="245" ind1="1" ind2="0">
            <subfield code="a">Committee for Development Policy :</subfield>
            <subfield code="b">report on the 13th session (21-25 March 2011)</subfield>
        </datafield>
        <datafield tag="260" ind1=" " ind2=" ">
            <subfield code="a">New York :</subfield>
            <subfield code="b">UN,</subfield>
            <subfield code="c">2011</subfield>
        </datafield>
        <datafield tag="269" ind1=" " ind2=" ">
            <subfield code="a">2011</subfield>
        </datafield>
        <datafield tag="300" ind1=" " ind2=" ">
            <subfield code="a">v, 27 p.</subfield>
        </datafield>
        <datafield tag="495" ind1=" " ind2=" ">
            <subfield code="a">ESCOR, 2011, Suppl. no. 13</subfield>
        </datafield>
        <datafield tag="500" ind1=" " ind2=" ">
            <subfield code="a">Annexes (p. 25-27): 1. List of participants -- 2. Agenda -- 3. List of documents before the Committee at its 13th session.</subfield>
        </datafield>
        <datafield tag="610" ind1="2" ind2="7">
            <subfield code="0">1232324</subfield>
            <subfield code="2">unbisn</subfield>
            <subfield code="a">UN. Committee for Development Policy (13th sess. : 2011 : New York)</subfield>
        </datafield>
        <datafield tag="610" ind1="2" ind2="7">
            <subfield code="0">1232325</subfield>
            <subfield code="2">unbisn unbisn</subfield>
            <subfield code="a">UN. Committee for Development Policy (13th sess. : 2011 : New York)</subfield>
            <subfield code="g">Work organization</subfield>
        </datafield>
        <datafield tag="610" ind1="2" ind2="7">
            <subfield code="0">1232326</subfield>
            <subfield code="2">unbisn unbisn</subfield>
            <subfield code="a">UN. Committee for Development Policy (13th sess. : 2011 : New York)</subfield>
            <subfield code="g">Agenda</subfield>
        </datafield>
        <datafield tag="610" ind1="2" ind2="7">
            <subfield code="0">1232327</subfield>
            <subfield code="2">unbisn unbisn</subfield>
            <subfield code="a">UN. Committee for Development Policy (13th sess. : 2011 : New York)</subfield>
            <subfield code="g">Participants</subfield>
        </datafield>
        <datafield tag="650" ind1="1" ind2="7">
            <subfield code="0">1278384</subfield>
            <subfield code="2">unbist</subfield>
            <subfield code="a">LEAST DEVELOPED COUNTRIES</subfield>
        </datafield>
        <datafield tag="650" ind1="1" ind2="7">
            <subfield code="0">1278379</subfield>
            <subfield code="2">unbist</subfield>
            <subfield code="a">DEVELOPING COUNTRIES</subfield>
        </datafield>
        <datafield tag="650" ind1="1" ind2="7">
            <subfield code="0">1278400</subfield>
            <subfield code="2">unbist</subfield>
            <subfield code="a">DEVELOPMENT POLICY</subfield>
        </datafield>
        <datafield tag="650" ind1="2" ind2="7">
            <subfield code="0">1283577</subfield>
            <subfield code="2">unbist</subfield>
            <subfield code="a">FINANCIAL CRISIS</subfield>
        </datafield>
        <datafield tag="650" ind1="2" ind2="7">
            <subfield code="0">1280687</subfield>
            <subfield code="2">unbist</subfield>
            <subfield code="a">EDUCATION</subfield>
        </datafield>
        <datafield tag="650" ind1="2" ind2="7">
            <subfield code="0">1281939</subfield>
            <subfield code="2">unbist</subfield>
            <subfield code="a">CLIMATE CHANGE</subfield>
        </datafield>
        <datafield tag="710" ind1="2" ind2=" ">
            <subfield code="0">1224258</subfield>
            <subfield code="a">UN. Committee for Development Policy (12th sess. : 2010 : New York)</subfield>
        </datafield>
        <datafield tag="830" ind1=" " ind2=" ">
            <subfield code="0">1275594</subfield>
            <subfield code="a">Report of the Committee for Development Policy</subfield>
        </datafield>
        <datafield tag="830" ind1=" " ind2=" ">
            <subfield code="0">1275403</subfield>
            <subfield code="a">Economic and Social Council. Official Records. Supplement</subfield>
        </datafield>
        <datafield tag="856" ind1="4" ind2=" ">
            <subfield code="s">417177</subfield>
            <subfield code="u">http://digitallibrary.un.org/record/703021/files/E_2011_33-AR.pdf</subfield>
            <subfield code="y">العربية</subfield>
        </datafield>
        <datafield tag="856" ind1="4" ind2=" ">
            <subfield code="s">305095</subfield>
            <subfield code="u">http://digitallibrary.un.org/record/703021/files/E_2011_33-ZH.pdf</subfield>
            <subfield code="y">中文</subfield>
        </datafield>
        <datafield tag="856" ind1="4" ind2=" ">
            <subfield code="s">247553</subfield>
            <subfield code="u">http://digitallibrary.un.org/record/703021/files/E_2011_33-EN.pdf</subfield>
            <subfield code="y">English</subfield>
        </datafield>
        <datafield tag="856" ind1="4" ind2=" ">
            <subfield code="s">154613</subfield>
            <subfield code="u">http://digitallibrary.un.org/record/703021/files/E_2011_33-FR.pdf</subfield>
            <subfield code="y">Français</subfield>
        </datafield>
        <datafield tag="856" ind1="4" ind2=" ">
            <subfield code="s">452064</subfield>
            <subfield code="u">http://digitallibrary.un.org/record/703021/files/E_2011_33-RU.pdf</subfield>
            <subfield code="y">Русский</subfield>
        </datafield>
        <datafield tag="856" ind1="4" ind2=" ">
            <subfield code="s">326320</subfield>
            <subfield code="u">http://digitallibrary.un.org/record/703021/files/E_2011_33-ES.pdf</subfield>
            <subfield code="y">Español</subfield>
        </datafield>
        <datafield tag="930" ind1=" " ind2=" ">
            <subfield code="a">UNDMY11</subfield>
        </datafield>
        <datafield tag="949" ind1=" " ind2=" ">
            <subfield code="9">E/2011/33</subfield>
            <subfield code="b">1779984.3.1</subfield>
            <subfield code="c">c. 1</subfield>
            <subfield code="d">20110512200000</subfield>
            <subfield code="i">1779984</subfield>
            <subfield code="k">unfs</subfield>
            <subfield code="l">DHL</subfield>
            <subfield code="m">14day</subfield>
            <subfield code="z">t</subfield>
        </datafield>
        <datafield tag="949" ind1=" " ind2=" ">
            <subfield code="9">E/2011/33</subfield>
            <subfield code="b">1779985.4.1</subfield>
            <subfield code="c">c. 1</subfield>
            <subfield code="d">20110512200000</subfield>
            <subfield code="i">1779985</subfield>
            <subfield code="k">unrs</subfield>
            <subfield code="l">DHL</subfield>
            <subfield code="m">14day</subfield>
            <subfield code="z">t</subfield>
        </datafield>
        <datafield tag="949" ind1=" " ind2=" ">
            <subfield code="9">E/2011/33</subfield>
            <subfield code="b">10000009464851</subfield>
            <subfield code="c">c. 1</subfield>
            <subfield code="d">20110512200000</subfield>
            <subfield code="i">1779981</subfield>
            <subfield code="k">unes</subfield>
            <subfield code="l">DHL</subfield>
            <subfield code="m">14day</subfield>
            <subfield code="z">t</subfield>
        </datafield>
        <datafield tag="949" ind1=" " ind2=" ">
            <subfield code="9">E/2011/33</subfield>
            <subfield code="b">1779982.1.1</subfield>
            <subfield code="c">c. 1</subfield>
            <subfield code="d">20110512200000</subfield>
            <subfield code="i">1779982</subfield>
            <subfield code="k">unas</subfield>
            <subfield code="l">DHL</subfield>
            <subfield code="m">14day</subfield>
            <subfield code="z">t</subfield>
        </datafield>
        <datafield tag="949" ind1=" " ind2=" ">
            <subfield code="9">E/2011/33</subfield>
            <subfield code="b">1779986.5.1</subfield>
            <subfield code="c">c. 1</subfield>
            <subfield code="d">20110512200000</subfield>
            <subfield code="i">1779986</subfield>
            <subfield code="k">unss</subfield>
            <subfield code="l">DHL</subfield>
            <subfield code="m">14day</subfield>
            <subfield code="z">t</subfield>
        </datafield>
        <datafield tag="949" ind1=" " ind2=" ">
            <subfield code="9">E/2011/33</subfield>
            <subfield code="b">1779983.2.1</subfield>
            <subfield code="c">c. 1</subfield>
            <subfield code="d">20110512200000</subfield>
            <subfield code="i">1779983</subfield>
            <subfield code="k">uncs</subfield>
            <subfield code="l">DHL</subfield>
            <subfield code="m">14day</subfield>
            <subfield code="z">t</subfield>
        </datafield>
        <datafield tag="980" ind1=" " ind2=" ">
            <subfield code="a">BIB</subfield>
        </datafield>
        <datafield tag="989" ind1=" " ind2=" ">
            <subfield code="a">Documents and Publications</subfield>
            <subfield code="b">Reports</subfield>
            <subfield code="c">Annual and Sessional Reports</subfield>
        </datafield>
        <datafield tag="991" ind1="2" ind2=" ">
            <subfield code="0">1232167</subfield>
            <subfield code="a">E/2011/100</subfield>
            <subfield code="b">13a</subfield>
            <subfield code="c">Sustainable development.</subfield>
            <subfield code="d">SUSTAINABLE DEVELOPMENT</subfield>
            <subfield code="z">I</subfield>
        </datafield>
        <datafield tag="991" ind1="2" ind2=" ">
            <subfield code="0">1232138</subfield>
            <subfield code="a">E/2011/100</subfield>
            <subfield code="b">2c</subfield>
            <subfield code="c">Thematic discussion : current global and national trends and challenges and their impact on education.</subfield>
            <subfield code="d">EDUCATION</subfield>
            <subfield code="z">I</subfield>
        </datafield>
        <datafield tag="998" ind1=" " ind2=" ">
            <subfield code="a">20110513045700</subfield>
            <subfield code="b">bccat</subfield>
            <subfield code="c">20170112091500</subfield>
            <subfield code="d">shkcat</subfield>
        </datafield>
        <datafield tag="999" ind1=" " ind2=" ">
            <subfield code="a">shku20170112</subfield>
            <subfield code="b">20170112</subfield>
            <subfield code="c">u</subfield>
        </datafield>
        <datafield tag="999" ind1=" " ind2=" ">
            <subfield code="a">jmr20110516</subfield>
            <subfield code="b">20110516</subfield>
            <subfield code="c">r</subfield>
        </datafield>
        <datafield tag="999" ind1=" " ind2=" ">
            <subfield code="a">bcq20110513</subfield>
            <subfield code="b">20110513</subfield>
            <subfield code="c">q</subfield>
        </datafield>
        <datafield tag="999" ind1=" " ind2=" ">
            <subfield code="a">skic20110513</subfield>
            <subfield code="b">20110513</subfield>
            <subfield code="c">c</subfield>
        </datafield>
        <datafield tag="999" ind1=" " ind2=" ">
            <subfield code="a">vwt20110729</subfield>
            <subfield code="b">20110729</subfield>
            <subfield code="c">t</subfield>
        </datafield>
        <datafield tag="999" ind1=" " ind2=" ">
            <subfield code="a">vwu20120615</subfield>
            <subfield code="b">20120615</subfield>
            <subfield code="c">u</subfield>
        </datafield>
    </record>