

    
<record>
  <controlfield tag="000">00000nam\\2200025#a\4500</controlfield>
  <controlfield tag="001">702842</controlfield>
  <controlfield tag="005">20170511181640.0</controlfield>
  <controlfield tag="008">110510s2011\\\\usa\\\\#r\\\\\|||1|\eng\d</controlfield>
  <datafield tag="022" ind1=" " ind2=" ">
    <subfield code="a">0251-7892</subfield>
  </datafield>
  <datafield tag="029" ind1=" " ind2=" ">
    <subfield code="a">JN</subfield>
    <subfield code="b">N1130860 E</subfield>
  </datafield>
  <datafield tag="035" ind1=" " ind2=" ">
    <subfield code="a">D0380266</subfield>
  </datafield>
  <datafield tag="035" ind1=" " ind2=" ">
    <subfield code="a">(DHL)946243</subfield>
  </datafield>
  <datafield tag="039" ind1=" " ind2=" ">
    <subfield code="a">DHU</subfield>
  </datafield>
  <datafield tag="040" ind1=" " ind2=" ">
    <subfield code="a">NNUN</subfield>
    <subfield code="b">eng</subfield>
  </datafield>
  <datafield tag="041" ind1=" " ind2=" ">
    <subfield code="a">arachiengfrerusspa</subfield>
  </datafield>
  <datafield tag="049" ind1=" " ind2=" ">
    <subfield code="a">usa</subfield>
  </datafield>
  <datafield tag="089" ind1=" " ind2=" ">
    <subfield code="b">B04</subfield>
  </datafield>
  <datafield tag="091" ind1=" " ind2=" ">
    <subfield code="a">GEN</subfield>
  </datafield>
  <datafield tag="099" ind1=" " ind2=" ">
    <subfield code="a">UNH</subfield>
    <subfield code="b">DHU</subfield>
  </datafield>
  <datafield tag="191" ind1=" " ind2=" ">
    <subfield code="a">A/66/42</subfield>
    <subfield code="b">A/</subfield>
    <subfield code="c">66</subfield>
    <subfield code="9">G00</subfield>
    <subfield code="q">A6642</subfield>
    <subfield code="r">A66</subfield>
    <subfield code="0">1228994</subfield>
  </datafield>
  <datafield tag="245" ind1="1" ind2="0">
    <subfield code="a">Report of the Disarmament Commission for 2011</subfield>
  </datafield>
  <datafield tag="260" ind1=" " ind2=" ">
    <subfield code="a">New York :</subfield>
    <subfield code="b">UN,</subfield>
    <subfield code="c">2011</subfield>
  </datafield>
  <datafield tag="269" ind1=" " ind2=" ">
    <subfield code="a">2011</subfield>
  </datafield>
  <datafield tag="300" ind1=" " ind2=" ">
    <subfield code="a">iii, 7 p.</subfield>
  </datafield>
  <datafield tag="500" ind1=" " ind2=" ">
    <subfield code="a">GAOR, 66th sess., Suppl. no.42.</subfield>
  </datafield>
  <datafield tag="610" ind1="2" ind2="7">
    <subfield code="a">UN. Disarmament Commission</subfield>
    <subfield code="2">unbisn</subfield>
    <subfield code="0">871223</subfield>
  </datafield>
  <datafield tag="610" ind1="2" ind2="7">
    <subfield code="a">UN. Disarmament Commission (2011, substantive sess. : New York)</subfield>
    <subfield code="g">Work organization</subfield>
    <subfield code="2">unbisn</subfield>
    <subfield code="0">1231983</subfield>
  </datafield>
  <datafield tag="610" ind1="2" ind2="7">
    <subfield code="a">UN. Disarmament Commission (2011, substantive sess. : New York)</subfield>
    <subfield code="g">Recommendations</subfield>
    <subfield code="2">unbisn </subfield>
    <subfield code="0">1232246</subfield>
  </datafield>
  <datafield tag="650" ind1="1" ind2="7">
    <subfield code="a">DISARMAMENT</subfield>
    <subfield code="2">unbist</subfield>
    <subfield code="0">1277989</subfield>
  </datafield>
  <datafield tag="650" ind1="1" ind2="7">
    <subfield code="a">NUCLEAR DISARMAMENT</subfield>
    <subfield code="2">unbist</subfield>
    <subfield code="0">1278031</subfield>
  </datafield>
  <datafield tag="650" ind1="2" ind2="7">
    <subfield code="a">DOCUMENTS</subfield>
    <subfield code="2">unbist</subfield>
    <subfield code="0">1281649</subfield>
  </datafield>
  <datafield tag="710" ind1="2" ind2=" ">
    <subfield code="a">UN. Disarmament Commission (2011, substantive sess. : New York)</subfield>
    <subfield code="0">1231982</subfield>
  </datafield>
  <datafield tag="830" ind1=" " ind2=" ">
    <subfield code="a">Report of the Disarmament Commission</subfield>
    <subfield code="0">(DHLAUTH)884744</subfield>
  </datafield>
  <datafield tag="830" ind1=" " ind2=" ">
    <subfield code="a">General Assembly. Official Records. Supplement</subfield>
    <subfield code="0">1275447</subfield>
  </datafield>
  <datafield tag="856" ind1="4" ind2=" ">
    <subfield code="s">164351</subfield>
    <subfield code="u">http://digitallibrary.un.org/record/702842/files/A_66_42-ES.pdf</subfield>
    <subfield code="y">Español</subfield>
  </datafield>
  <datafield tag="856" ind1="4" ind2=" ">
    <subfield code="s">174644</subfield>
    <subfield code="u">http://digitallibrary.un.org/record/702842/files/A_66_42-AR.pdf</subfield>
    <subfield code="y">العربية</subfield>
  </datafield>
  <datafield tag="856" ind1="4" ind2=" ">
    <subfield code="s">184380</subfield>
    <subfield code="u">http://digitallibrary.un.org/record/702842/files/A_66_42-ZH.pdf</subfield>
    <subfield code="y">中文</subfield>
  </datafield>
  <datafield tag="856" ind1="4" ind2=" ">
    <subfield code="s">229723</subfield>
    <subfield code="u">http://digitallibrary.un.org/record/702842/files/A_66_42-RU.pdf</subfield>
    <subfield code="y">Русский</subfield>
  </datafield>
  <datafield tag="856" ind1="4" ind2=" ">
    <subfield code="s">70561</subfield>
    <subfield code="u">http://digitallibrary.un.org/record/702842/files/A_66_42-EN.pdf</subfield>
    <subfield code="y">English</subfield>
  </datafield>
  <datafield tag="856" ind1="4" ind2=" ">
    <subfield code="s">70885</subfield>
    <subfield code="u">http://digitallibrary.un.org/record/702842/files/A_66_42-FR.pdf</subfield>
    <subfield code="y">Français</subfield>
  </datafield>
  <datafield tag="930" ind1=" " ind2=" ">
    <subfield code="a">UNDMY11</subfield>
  </datafield>
  <datafield tag="949" ind1=" " ind2=" ">
    <subfield code="9">A/66/42</subfield>
    <subfield code="b">1779445.1.1</subfield>
    <subfield code="i">1779445</subfield>
    <subfield code="k">unas</subfield>
    <subfield code="c">c. 1</subfield>
    <subfield code="l">DHL</subfield>
    <subfield code="z">t</subfield>
    <subfield code="m">14day</subfield>
    <subfield code="d">20110509200000</subfield>
  </datafield>
  <datafield tag="949" ind1=" " ind2=" ">
    <subfield code="9">A/66/42</subfield>
    <subfield code="b">1779448.4.1</subfield>
    <subfield code="i">1779448</subfield>
    <subfield code="k">unrs</subfield>
    <subfield code="c">c. 1</subfield>
    <subfield code="l">DHL</subfield>
    <subfield code="z">t</subfield>
    <subfield code="m">14day</subfield>
    <subfield code="d">20110509200000</subfield>
  </datafield>
  <datafield tag="949" ind1=" " ind2=" ">
    <subfield code="9">A/66/42</subfield>
    <subfield code="b">10000009462431</subfield>
    <subfield code="i">1779444</subfield>
    <subfield code="k">unes</subfield>
    <subfield code="c">c. 1</subfield>
    <subfield code="l">DHL</subfield>
    <subfield code="z">t</subfield>
    <subfield code="m">14day</subfield>
    <subfield code="d">20110509200000</subfield>
  </datafield>
  <datafield tag="949" ind1=" " ind2=" ">
    <subfield code="9">A/66/42</subfield>
    <subfield code="b">1779447.3.1</subfield>
    <subfield code="i">1779447</subfield>
    <subfield code="k">unfs</subfield>
    <subfield code="c">c. 1</subfield>
    <subfield code="l">DHL</subfield>
    <subfield code="z">t</subfield>
    <subfield code="m">14day</subfield>
    <subfield code="d">20110509200000</subfield>
  </datafield>
  <datafield tag="949" ind1=" " ind2=" ">
    <subfield code="9">A/66/42</subfield>
    <subfield code="b">1779449.5.1</subfield>
    <subfield code="i">1779449</subfield>
    <subfield code="k">unss</subfield>
    <subfield code="c">c. 1</subfield>
    <subfield code="l">DHL</subfield>
    <subfield code="z">t</subfield>
    <subfield code="m">14day</subfield>
    <subfield code="d">20110509200000</subfield>
  </datafield>
  <datafield tag="949" ind1=" " ind2=" ">
    <subfield code="9">A/66/42</subfield>
    <subfield code="b">1779446.2.1</subfield>
    <subfield code="i">1779446</subfield>
    <subfield code="k">uncs</subfield>
    <subfield code="c">c. 1</subfield>
    <subfield code="l">DHL</subfield>
    <subfield code="z">t</subfield>
    <subfield code="m">14day</subfield>
    <subfield code="d">20110509200000</subfield>
  </datafield>
  <datafield tag="991" ind1="1" ind2=" ">
    <subfield code="a">A/66/251</subfield>
    <subfield code="b">100b</subfield>
    <subfield code="c">Report of the Disarmament Commission.</subfield>
    <subfield code="d">UN. DISARMAMENT COMMISSION--REPORTS (2011)</subfield>
    <subfield code="z">I</subfield>
    <subfield code="0">1230706</subfield>
  </datafield>
  <datafield tag="998" ind1=" " ind2=" ">
    <subfield code="a">20110510051100</subfield>
    <subfield code="b">bccat</subfield>
    <subfield code="c">20170410093600</subfield>
    <subfield code="d">shkcat</subfield>
  </datafield>
  <datafield tag="999" ind1=" " ind2=" ">
    <subfield code="a">shku20170410</subfield>
    <subfield code="b">20170410</subfield>
    <subfield code="c">u</subfield>
  </datafield>
  <datafield tag="999" ind1=" " ind2=" ">
    <subfield code="a">jmr20110510</subfield>
    <subfield code="b">20110510</subfield>
    <subfield code="c">r</subfield>
  </datafield>
  <datafield tag="999" ind1=" " ind2=" ">
    <subfield code="a">bcq20110510</subfield>
    <subfield code="b">20110510</subfield>
    <subfield code="c">q</subfield>
  </datafield>
  <datafield tag="999" ind1=" " ind2=" ">
    <subfield code="a">skic20110510</subfield>
    <subfield code="b">20110510</subfield>
    <subfield code="c">c</subfield>
  </datafield>
  <datafield tag="999" ind1=" " ind2=" ">
    <subfield code="a">vwt20110512</subfield>
    <subfield code="b">20110512</subfield>
    <subfield code="c">t</subfield>
  </datafield>
</record>