
    <record>
        <controlfield tag="001">702428</controlfield>
        <controlfield tag="000">00000nam\\2200025#a\4500</controlfield>
        <controlfield tag="005">20170412220103.0</controlfield>
        <controlfield tag="008">110504s2011\\\\usa\\\\#r\\\\\|||1|\eng\d</controlfield>
        <datafield tag="029" ind1=" " ind2=" ">
            <subfield code="a">JN</subfield>
            <subfield code="b">N1126157 E</subfield>
        </datafield>
        <datafield tag="035" ind1=" " ind2=" ">
            <subfield code="a">D0380140</subfield>
        </datafield>
        <datafield tag="035" ind1=" " ind2=" ">
            <subfield code="a">(DHL)945789</subfield>
        </datafield>
        <datafield tag="039" ind1=" " ind2=" ">
            <subfield code="a">DHU</subfield>
        </datafield>
        <datafield tag="040" ind1=" " ind2=" ">
            <subfield code="a">NNUN</subfield>
            <subfield code="b">eng</subfield>
        </datafield>
        <datafield tag="041" ind1=" " ind2=" ">
            <subfield code="a">arachiengfrerusspa</subfield>
        </datafield>
        <datafield tag="049" ind1=" " ind2=" ">
            <subfield code="a">usa</subfield>
        </datafield>
        <datafield tag="089" ind1=" " ind2=" ">
            <subfield code="b">B04</subfield>
        </datafield>
        <datafield tag="089" ind1=" " ind2=" ">
            <subfield code="b">B02</subfield>
        </datafield>
        <datafield tag="091" ind1=" " ind2=" ">
            <subfield code="a">GEN</subfield>
        </datafield>
        <datafield tag="099" ind1=" " ind2=" ">
            <subfield code="a">UNH</subfield>
            <subfield code="b">DHU</subfield>
            <subfield code="c">E(01)/R3</subfield>
            <subfield code="q">E01R3</subfield>
        </datafield>
        <datafield tag="191" ind1=" " ind2=" ">
            <subfield code="0">1228995</subfield>
            <subfield code="9">C00</subfield>
            <subfield code="a">E/2011/42</subfield>
            <subfield code="b">E/</subfield>
            <subfield code="c">2011-S</subfield>
            <subfield code="q">E201142</subfield>
            <subfield code="r">E2011S</subfield>
        </datafield>
        <datafield tag="191" ind1=" " ind2=" ">
            <subfield code="0">1228084</subfield>
            <subfield code="a">E/CN.18/2011/20</subfield>
            <subfield code="b">E/CN.18/</subfield>
            <subfield code="c">9</subfield>
            <subfield code="q">ECN18201120</subfield>
            <subfield code="r">ECN189</subfield>
        </datafield>
        <datafield tag="245" ind1="1" ind2="0">
            <subfield code="a">United Nations Forum on Forests :</subfield>
            <subfield code="b">report on the 9th session (1 May 2009 and 24 January to 4 February 2011)</subfield>
        </datafield>
        <datafield tag="260" ind1=" " ind2=" ">
            <subfield code="a">New York :</subfield>
            <subfield code="b">UN,</subfield>
            <subfield code="c">2011</subfield>
        </datafield>
        <datafield tag="269" ind1=" " ind2=" ">
            <subfield code="a">2011</subfield>
        </datafield>
        <datafield tag="300" ind1=" " ind2=" ">
            <subfield code="a">iv, 49 p. :</subfield>
            <subfield code="b">table</subfield>
        </datafield>
        <datafield tag="495" ind1=" " ind2=" ">
            <subfield code="a">ESCOR, 2011, Suppl. no. 22</subfield>
        </datafield>
        <datafield tag="500" ind1=" " ind2=" ">
            <subfield code="a">Annexes (p. 35-49): 1. List of documents -- 2. Summary by the Chair of the multi-stakeholder dialogue -- 3. Summaries by the Chair of the high-level round tables.</subfield>
        </datafield>
        <datafield tag="610" ind1="2" ind2="7">
            <subfield code="0">1214161</subfield>
            <subfield code="2">unbisn</subfield>
            <subfield code="a">UN Forum on Forests (9th sess. : 2011 : New York)</subfield>
        </datafield>
        <datafield tag="610" ind1="2" ind2="7">
            <subfield code="0">1214102</subfield>
            <subfield code="2">unbisn</subfield>
            <subfield code="a">UN Forum on Forests (9th sess. : 2011 : New York)</subfield>
            <subfield code="g">Agenda</subfield>
        </datafield>
        <datafield tag="610" ind1="2" ind2="7">
            <subfield code="0">1227462</subfield>
            <subfield code="2">unbisn</subfield>
            <subfield code="a">UN Forum on Forests (9th sess. : 2011 : New York)</subfield>
            <subfield code="g">Work organization</subfield>
        </datafield>
        <datafield tag="610" ind1="2" ind2="7">
            <subfield code="0">1232093</subfield>
            <subfield code="2">unbisn</subfield>
            <subfield code="a">UN Forum on Forests (9th sess. : 2011 : New York)</subfield>
            <subfield code="g">Resolutions and decisions</subfield>
        </datafield>
        <datafield tag="610" ind1="2" ind2="7">
            <subfield code="0">1232094</subfield>
            <subfield code="2">unbisn</subfield>
            <subfield code="a">UN Forum on Forests (10th sess. : 2013 : Istanbul, Turkey)</subfield>
            <subfield code="g">Agenda</subfield>
        </datafield>
        <datafield tag="610" ind1="2" ind2="7">
            <subfield code="0">1208874</subfield>
            <subfield code="2">unbisn</subfield>
            <subfield code="a">Trust Fund for the United Nations Forum on Forests</subfield>
        </datafield>
        <datafield tag="650" ind1="1" ind2="7">
            <subfield code="0">1279247</subfield>
            <subfield code="2">unbist</subfield>
            <subfield code="a">FORESTS</subfield>
        </datafield>
        <datafield tag="650" ind1="1" ind2="7">
            <subfield code="0">1279238</subfield>
            <subfield code="2">unbist</subfield>
            <subfield code="a">FOREST MANAGEMENT</subfield>
        </datafield>
        <datafield tag="650" ind1="1" ind2="7">
            <subfield code="0">1279240</subfield>
            <subfield code="2">unbist</subfield>
            <subfield code="a">FOREST POLICY</subfield>
        </datafield>
        <datafield tag="650" ind1="1" ind2="7">
            <subfield code="0">1284408</subfield>
            <subfield code="2">unbist</subfield>
            <subfield code="a">SUSTAINABLE FORESTRY</subfield>
        </datafield>
        <datafield tag="650" ind1="1" ind2="7">
            <subfield code="0">1284470</subfield>
            <subfield code="2">unbist</subfield>
            <subfield code="a">ENVIRONMENTAL AGREEMENTS</subfield>
        </datafield>
        <datafield tag="650" ind1="2" ind2="7">
            <subfield code="0">1282619</subfield>
            <subfield code="2">unbist</subfield>
            <subfield code="a">INTERNATIONAL INSTRUMENTS</subfield>
        </datafield>
        <datafield tag="650" ind1="2" ind2="7">
            <subfield code="0">1283185</subfield>
            <subfield code="2">unbist</subfield>
            <subfield code="a">CONSULTATIONS</subfield>
        </datafield>
        <datafield tag="650" ind1="2" ind2="7">
            <subfield code="0">1278205</subfield>
            <subfield code="2">unbist</subfield>
            <subfield code="a">PARTNERSHIP</subfield>
        </datafield>
        <datafield tag="650" ind1="2" ind2="7">
            <subfield code="0">1281649</subfield>
            <subfield code="2">unbist</subfield>
            <subfield code="a">DOCUMENTS</subfield>
        </datafield>
        <datafield tag="650" ind1="2" ind2="7">
            <subfield code="0">1282594</subfield>
            <subfield code="2">unbist</subfield>
            <subfield code="a">TRUST FUNDS</subfield>
        </datafield>
        <datafield tag="650" ind1="2" ind2="7">
            <subfield code="0">1283231</subfield>
            <subfield code="2">unbist</subfield>
            <subfield code="a">WORKING GROUPS</subfield>
        </datafield>
        <datafield tag="710" ind1="2" ind2=" ">
            <subfield code="0">1214161</subfield>
            <subfield code="a">UN Forum on Forests (9th sess. : 2011 : New York)</subfield>
        </datafield>
        <datafield tag="830" ind1=" " ind2=" ">
            <subfield code="0">1275403</subfield>
            <subfield code="a">Economic and Social Council. Official Records. Supplement</subfield>
        </datafield>
        <datafield tag="830" ind1=" " ind2=" ">
            <subfield code="0">1275627</subfield>
            <subfield code="a">Report of the UN Forum on Forests</subfield>
        </datafield>
        <datafield tag="856" ind1="4" ind2=" ">
            <subfield code="s">518534</subfield>
            <subfield code="u">http://digitallibrary.un.org/record/702428/files/E_2011_42_E_CN.18_2011_20-AR.pdf</subfield>
            <subfield code="y">العربية</subfield>
        </datafield>
        <datafield tag="856" ind1="4" ind2=" ">
            <subfield code="s">394819</subfield>
            <subfield code="u">http://digitallibrary.un.org/record/702428/files/E_2011_42_E_CN.18_2011_20-ZH.pdf</subfield>
            <subfield code="y">中文</subfield>
        </datafield>
        <datafield tag="856" ind1="4" ind2=" ">
            <subfield code="s">194457</subfield>
            <subfield code="u">http://digitallibrary.un.org/record/702428/files/E_2011_42_E_CN.18_2011_20-EN.pdf</subfield>
            <subfield code="y">English</subfield>
        </datafield>
        <datafield tag="856" ind1="4" ind2=" ">
            <subfield code="s">225852</subfield>
            <subfield code="u">http://digitallibrary.un.org/record/702428/files/E_2011_42_E_CN.18_2011_20-FR.pdf</subfield>
            <subfield code="y">Français</subfield>
        </datafield>
        <datafield tag="856" ind1="4" ind2=" ">
            <subfield code="s">597334</subfield>
            <subfield code="u">http://digitallibrary.un.org/record/702428/files/E_2011_42_E_CN.18_2011_20-RU.pdf</subfield>
            <subfield code="y">Русский</subfield>
        </datafield>
        <datafield tag="856" ind1="4" ind2=" ">
            <subfield code="s">224960</subfield>
            <subfield code="u">http://digitallibrary.un.org/record/702428/files/E_2011_42_E_CN.18_2011_20-ES.pdf</subfield>
            <subfield code="y">Español</subfield>
        </datafield>
        <datafield tag="930" ind1=" " ind2=" ">
            <subfield code="a">UNDMY11</subfield>
        </datafield>
        <datafield tag="949" ind1=" " ind2=" ">
            <subfield code="9">E/CN.18/2011/20</subfield>
            <subfield code="b">1778414.10.1</subfield>
            <subfield code="c">c. 1</subfield>
            <subfield code="d">20110503200000</subfield>
            <subfield code="i">1778414</subfield>
            <subfield code="k">unrs</subfield>
            <subfield code="l">DHL</subfield>
            <subfield code="m">14day</subfield>
            <subfield code="z">t</subfield>
        </datafield>
        <datafield tag="949" ind1=" " ind2=" ">
            <subfield code="9">E(01)/R3</subfield>
            <subfield code="b">1778408.4.1</subfield>
            <subfield code="c">c. 1</subfield>
            <subfield code="d">20110503200000</subfield>
            <subfield code="i">1778408</subfield>
            <subfield code="k">unrs</subfield>
            <subfield code="l">DHL</subfield>
            <subfield code="m">14day</subfield>
            <subfield code="z">t</subfield>
        </datafield>
        <datafield tag="949" ind1=" " ind2=" ">
            <subfield code="9">E(01)/R3</subfield>
            <subfield code="b">1778407.3.1</subfield>
            <subfield code="c">c. 1</subfield>
            <subfield code="d">20110503200000</subfield>
            <subfield code="i">1778407</subfield>
            <subfield code="k">unfs</subfield>
            <subfield code="l">DHL</subfield>
            <subfield code="m">14day</subfield>
            <subfield code="z">t</subfield>
        </datafield>
        <datafield tag="949" ind1=" " ind2=" ">
            <subfield code="9">E(01)/R3</subfield>
            <subfield code="b">10000000945789</subfield>
            <subfield code="c">c. 1</subfield>
            <subfield code="d">20110503200000</subfield>
            <subfield code="i">1778404</subfield>
            <subfield code="k">unes</subfield>
            <subfield code="l">DHL</subfield>
            <subfield code="m">14day</subfield>
            <subfield code="z">t</subfield>
        </datafield>
        <datafield tag="949" ind1=" " ind2=" ">
            <subfield code="9">E/CN.18/2011/20</subfield>
            <subfield code="b">1778413.9.1</subfield>
            <subfield code="c">c. 1</subfield>
            <subfield code="d">20110503200000</subfield>
            <subfield code="i">1778413</subfield>
            <subfield code="k">unfs</subfield>
            <subfield code="l">DHL</subfield>
            <subfield code="m">14day</subfield>
            <subfield code="z">t</subfield>
        </datafield>
        <datafield tag="949" ind1=" " ind2=" ">
            <subfield code="9">E/CN.18/2011/20</subfield>
            <subfield code="b">1778415.11.1</subfield>
            <subfield code="c">c. 1</subfield>
            <subfield code="d">20110503200000</subfield>
            <subfield code="i">1778415</subfield>
            <subfield code="k">unss</subfield>
            <subfield code="l">DHL</subfield>
            <subfield code="m">14day</subfield>
            <subfield code="z">t</subfield>
        </datafield>
        <datafield tag="949" ind1=" " ind2=" ">
            <subfield code="9">E/CN.18/2011/20</subfield>
            <subfield code="b">1778410.6.1</subfield>
            <subfield code="c">c. 1</subfield>
            <subfield code="d">20110503200000</subfield>
            <subfield code="i">1778410</subfield>
            <subfield code="k">unas</subfield>
            <subfield code="l">DHL</subfield>
            <subfield code="m">14day</subfield>
            <subfield code="z">t</subfield>
        </datafield>
        <datafield tag="949" ind1=" " ind2=" ">
            <subfield code="9">E/CN.18/2011/20</subfield>
            <subfield code="b">1778412.8.1</subfield>
            <subfield code="c">c. 1</subfield>
            <subfield code="d">20110503200000</subfield>
            <subfield code="i">1778412</subfield>
            <subfield code="k">unes</subfield>
            <subfield code="l">DHL</subfield>
            <subfield code="m">14day</subfield>
            <subfield code="z">t</subfield>
        </datafield>
        <datafield tag="949" ind1=" " ind2=" ">
            <subfield code="9">E(01)/R3</subfield>
            <subfield code="b">1778406.2.1</subfield>
            <subfield code="c">c. 1</subfield>
            <subfield code="d">20110503200000</subfield>
            <subfield code="i">1778406</subfield>
            <subfield code="k">uncs</subfield>
            <subfield code="l">DHL</subfield>
            <subfield code="m">14day</subfield>
            <subfield code="z">t</subfield>
        </datafield>
        <datafield tag="949" ind1=" " ind2=" ">
            <subfield code="9">E(01)/R3</subfield>
            <subfield code="b">1778409.5.1</subfield>
            <subfield code="c">c. 1</subfield>
            <subfield code="d">20110503200000</subfield>
            <subfield code="i">1778409</subfield>
            <subfield code="k">unss</subfield>
            <subfield code="l">DHL</subfield>
            <subfield code="m">14day</subfield>
            <subfield code="z">t</subfield>
        </datafield>
        <datafield tag="949" ind1=" " ind2=" ">
            <subfield code="9">E(01)/R3</subfield>
            <subfield code="b">1778405.1.1</subfield>
            <subfield code="c">c. 1</subfield>
            <subfield code="d">20110503200000</subfield>
            <subfield code="i">1778405</subfield>
            <subfield code="k">unas</subfield>
            <subfield code="l">DHL</subfield>
            <subfield code="m">14day</subfield>
            <subfield code="z">t</subfield>
        </datafield>
        <datafield tag="949" ind1=" " ind2=" ">
            <subfield code="9">E/CN.18/2011/20</subfield>
            <subfield code="b">1778411.7.1</subfield>
            <subfield code="c">c. 1</subfield>
            <subfield code="d">20110503200000</subfield>
            <subfield code="i">1778411</subfield>
            <subfield code="k">uncs</subfield>
            <subfield code="l">DHL</subfield>
            <subfield code="m">14day</subfield>
            <subfield code="z">t</subfield>
        </datafield>
        <datafield tag="980" ind1=" " ind2=" ">
            <subfield code="a">BIB</subfield>
        </datafield>
        <datafield tag="989" ind1=" " ind2=" ">
            <subfield code="a">Documents and Publications</subfield>
            <subfield code="b">Reports</subfield>
            <subfield code="c">Annual and Sessional Reports</subfield>
        </datafield>
        <datafield tag="989" ind1=" " ind2=" ">
            <subfield code="a">Documents and Publications</subfield>
            <subfield code="b">Draft Resolutions and Decisions</subfield>
        </datafield>
        <datafield tag="991" ind1="2" ind2=" ">
            <subfield code="0">1232175</subfield>
            <subfield code="a">E/2011/100</subfield>
            <subfield code="b">13i</subfield>
            <subfield code="c">United Nations Forum on Forests.</subfield>
            <subfield code="d">UN FORUM ON FORESTS</subfield>
            <subfield code="z">I</subfield>
        </datafield>
        <datafield tag="998" ind1=" " ind2=" ">
            <subfield code="a">20110504050400</subfield>
            <subfield code="b">pnser</subfield>
            <subfield code="c">20170203120200</subfield>
            <subfield code="d">tbcat</subfield>
        </datafield>
        <datafield tag="999" ind1=" " ind2=" ">
            <subfield code="a">jmr20110505</subfield>
            <subfield code="b">20110505</subfield>
            <subfield code="c">r</subfield>
        </datafield>
        <datafield tag="999" ind1=" " ind2=" ">
            <subfield code="a">pgc20110504</subfield>
            <subfield code="b">20110504</subfield>
            <subfield code="c">c</subfield>
        </datafield>
        <datafield tag="999" ind1=" " ind2=" ">
            <subfield code="a">pnq20110504</subfield>
            <subfield code="b">20110504</subfield>
            <subfield code="c">q</subfield>
        </datafield>
        <datafield tag="999" ind1=" " ind2=" ">
            <subfield code="a">vwt20110729</subfield>
            <subfield code="b">20110729</subfield>
            <subfield code="c">t</subfield>
        </datafield>
        <datafield tag="999" ind1=" " ind2=" ">
            <subfield code="a">tbu20170203</subfield>
            <subfield code="b">20170203</subfield>
            <subfield code="c">u</subfield>
        </datafield>
    </record>